2768 4746
667 358 817 414 ..80-

207 485 251 552 let
263 505 385 564 versus,
402 488 458 569 qui
476 485 538 551 nisi
558 503 669 550 versus
684 485 815 562 luerint,
830 502 888 549 cur
902 483 1169 548 animadverteret
1182 501 1276 567 paene
1351 490 1354 497 '

207 591 328 657 nudam
345 610 383 657 ex
397 592 464 669 eis‚·
478 596 570 655 contu
586 596 721 666 remoto,
740 608 908 655 remanere
923 592 1111 669 orationem,
1128 598 1184 656 aut
1195 609 1278 674 quo·

208 698 302 780 modo
328 697 449 762 eisdem
477 697 635 762 conterret
650 723 664 750 ι
681 695 798 759 similia
826 695 973 776 quaedam
988 695 1074 777 apud
1100 696 1229 759 Latinos
1243 721 1274 771 ‚v

207 821 355 884 nempee
372 805 489 882 Ybymtc
512 804 644 866 versus?
668 802 775 883 Neque
791 801 1006 874 Quintilianus
1025 809 1120 883 negat
1141 802 1278 865 metrica

207 927 278 974 esse
291 907 465 990 lyricorum
478 909 633 983 carmina,
649 908 705 972 sed
723 907 891 971 molestum
907 924 1039 989 prorsus
1053 915 1148 991 atque
1159 908 1278 1000 inutile

208 1033 278 1081 esse
296 1015 372 1079 dicit
387 1033 499 1096 cogere
518 1033 536 1079 e
551 1020 638 1079 tanta
651 1016 803 1080 varietate
823 1016 856 1078 in
877 1031 969 1078 suam
984 1033 1129 1098 ‚quaeque
1143 1033 1276 1081 mensu-

208 1139 291 1197 ram,
306 1120 452 1185 videlicet
463 1122 548 1203 quod
563 1121 612 1185 vel
626 1121 856 1185 demensorum
872 1138 1029 1184 numerus
1041 1127 1134 1204 atque
1145 1122 1276 1199 modus,

206 1227 347 1308 Dionysii
365 1227 497 1290 auribus
511 1227 573 1302 vix,
593 1232 628 1290 ut
643 1226 695 1290 hic
710 1225 837 1301 latetur,
848 1225 1021 1304 judicatus,
1039 1225 1159 1288 Latinis
1176 1224 1273 1289 auri-

208 1332 269 1396 bus
290 1350 354 1395 non
376 1338 514 1396 sonaret.
541 1332 707 1414 dionysius
722 1350 798 1396 vero
816 1331 989 1414 lyricorum
1010 1332 1085 1394 dicit
1102 1337 1188 1405 κῶλα,
1208 1349 1278 1396 non
1307 1366 1315 1378 ·

207 1438 292 1520 quod
317 1437 357 1500 ad
378 1455 552 1500 numerum
572 1438 795 1502 tantummodo
817 1440 976 1503 musicum
1000 1439 1119 1503 luerint
1137 1456 1155 1501 a
1172 1440 1279 1521 poetis

207 1542 443 1607 accommodata
463 1543 618 1621 carmina,
638 1545 694 1607 sed
712 1544 1086 1621 diversissimismetris‚
1107 1551 1279 1628 nequent

208 1649 242 1713 in
273 1650 361 1731 epico
385 1668 522 1731 genere,
555 1650 687 1732 paribus
719 1658 814 1734 atque
840 1651 1077 1726 constantibus,
1106 1651 1149 1712 ἐπὶ
1173 1650 1280 1724 πολλῆς

208 1756 325 1828 ἐξουσίας
346 1757 501 1838 applicata
523 1775 530 1820 ε
551 1757 636 1840 quod
657 1756 786 1841 quidem
808 1757 951 1821 variandi
964 1758 1134 1840 judicium,
1152 1776 1171 1821 a
1187 1784 1202 1813 ι
1218 1775 1278 1822 na-

208 1868 279 1928 tura
297 1868 389 1946 atque
403 1881 512 1938 sensu,
533 1890 547 1917 ν
568 1870 605 1926 ut
620 1862 697 1927 dicit
715 1863 832 1940 Cicero,
858 1863 1035 1945 proiectum
1054 1864 1088 1928 in
1106 1863 1277 1946 principio,

209 1969 283 2035 dein
310 1969 344 2033 in
369 1970 525 2033 rationem
552 1977 584 2032 et
604 1975 707 2034 artem
727 1970 904 2042 redactum,
927 1988 1002 2033 mox
1029 1989 1090 2034 usu
1115 1971 1280 2054 frequenti

105 2060 110 2068 ’
208 2076 485 2158 promptissimum
500 2075 620 2138 factum
634 2080 723 2138 estet
735 2077 828 2158 quasi
839 2075 965 2139 libidini
977 2081 1077 2158 poetae
1091 2082 1203 2158 sponte
1215 2075 1280 2140 ob-

208 2181 309 2257 vium.
325 2183 433 2264 Neque
449 2181 700 2247 existimaverim
721 2182 923 2247 Aristotelem
941 2182 1029 2246 aliud
1047 2181 1292 2263 significavisse.

210 2291 315 2372 μέτροις
329 2307 425 2371 quam
446 2290 552 2371 epicos
574 2307 697 2367 versus,
721 2290 806 2354 aliud
830 2289 922 2378 μέλεσι
937 2308 1035 2371 quam
1058 2288 1195 2371 lyricos;
1215 2307 1280 2354 ne-

211 2413 273 2479 que
294 2396 540 2460 Demosthenem
559 2396 702 2474 ἰμμέτρους
725 2395 805 2460 alios
826 2413 923 2478 quam
946 2397 1122 2477 epicorum,
1139 2402 1192 2457 τῶν
1207 2398 1281 2457 ἀδο-

210 2504 298 2580 μένων
325 2501 437 2574 ποιητάς
465 2501 544 2565 alios
575 2520 677 2584 quam
701 2501 874 2584 lyricorum
899 2502 1077 2566 carminum
1106 2503 1281 2584 scriptores

211 2607 436 2673 nominavisse.
461 2607 583 2671 nudam
606 2609 658 2672 vix
675 2608 761 2673 credi
778 2626 882 2691 posses
899 2609 926 2671 si
942 2607 1108 2673 Pindarico
1122 2607 1177 2673 illa
1190 2609 1281 2674 cele·

209 2700 404 2786 brutissima,
420 2719 451 2776 et
470 2712 596 2776 chorica
619 2713 813 2788 tabularum,
834 2721 865 2777 et
885 2713 947 2778 alia
966 2714 1119 2789 carmina,
1135 2733 1280 2797 quorum

135 2872 158 2888 i,
210 2825 298 2886 tanta
321 2825 368 2884 est
387 2818 488 2900 copia,
513 2806 578 2883 non
599 2820 731 2884 metrica
746 2820 892 2896 tuissent,
914 2819 1137 2902 duoquelyrae
1158 2837 1281 2902 genera

154 3008 161 3016 ,
211 2926 406 2989 exstitissent
426 2925 509 2988 inter
528 2943 562 2988 se
577 2914 815 3002 dissimillima,
839 2935 975 3002 veteres,
1004 2927 1059 3009 qui
1079 2927 1150 2991 tuse
1170 2933 1202 2991 et
1219 2944 1280 2992 ex·
1301 2935 1304 2940 '

210 3031 327 3114 quisita
345 3031 384 3094 de
402 3030 517 3094 litteris
532 3032 738 3113 scripserunt,
756 3031 788 3094 id
804 3032 853 3096 vel
871 3032 1091 3114 imprudentes
1108 3032 1220 3099 multis
1243 3034 1281 3099 in

211 3138 300 3215 locis,
320 3137 393 3201 data
413 3135 507 3202 toties
527 3140 702 3212 occasione,
725 3157 790 3202 non
813 3139 1018 3214 indicavisse,
1048 3140 1168 3204 nedum
1193 3159 1281 3213 unus

211 3248 265 3307 aut
280 3242 360 3306 alter
373 3243 479 3307 solum
494 3262 593 3324 pauca
609 3250 640 3308 et
653 3244 773 3309 incerta
787 3245 874 3309 illins
887 3246 1079 3310 diversitatis
1091 3246 1210 3328 indicia
1220 3248 1290 3328 re?

209 3350 425 3432 linquerent¹.
1228 3402 1242 3409 ..
1315 3387 1319 3397 ·
1358 3336 1362 3352 ²

169 3529 171 3533 ,
250 3457 311 3521 Sed
328 3458 391 3520 alia
411 3465 496 3536 sunt,
515 3459 643 3524 erebus
664 3459 743 3539 ipsis
760 3479 920 3541 expressa,
937 3480 995 3525 cur
1008 3455 1128 3526 recenti
1145 3461 1281 3541 dissidio

210 3563 406 3628 dissentiam.
1172 3591 1175 3595 ·

198 3719 208 3736 .
249 3670 336 3732 Patet
358 3670 501 3750 primum
520 3671 554 3734 in
582 3671 688 3735 choris
716 3673 938 3755 Aristophanis
967 3693 1037 3740 esse
1059 3682 1162 3740 metra
1186 3636 1281 3758 (unse

210 3779 319 3838 utrum
343 3775 407 3838 sint
431 3774 464 3837 in
491 3776 620 3856 tragicis
642 3793 786 3859 quoque,
817 3785 953 3858 negante
987 3781 1113 3857 Vincent,
1138 3795 1203 3841 non
1229 3784 1283 3844 est

210 3880 348 3962 meum),
369 3886 471 3944 metra
494 3887 600 3945 autem
629 3881 768 3963 implexa
792 3885 905 3959 multa,
929 3886 1085 3981 simplicia
1103 3883 1176 3961 alia,
1193 3885 1280 3951 utin

243 4116 262 4162 l.
282 4116 308 4162 V.
321 4119 438 4163 caeterum
452 4115 595 4178 florsipnol,
611 4080 730 4176 opuscula
744 4118 819 4166 citata
832 4117 898 4180 apud
912 4121 997 4180 Eppcr.
