2768 4746
606 352 769 409 ...82-

166 479 278 562 lyrico,
298 479 458 556 conteras,
485 478 551 544 illic
574 478 763 545 lacertosum
780 479 957 562 praecipua,
976 480 1028 544 hic
1041 479 1234 548 lacertosum

165 586 316 649 eumdem
331 591 363 650 et
375 591 547 651 venustum
561 585 713 667 reperies.
725 585 758 649 Si
771 603 857 662 vcro,
874 585 1017 668 primum
1028 586 1098 666 ejus
1110 585 1233 651 ureco-

165 707 304 772 rumque
329 691 466 773 lyricum
496 709 628 755 carmen
655 709 727 755 oum
751 691 888 755 aliorum
916 690 1108 773 populorum
1134 691 1234 773 lyrico

164 798 320 874 carmine,
336 804 405 862 tum
429 800 499 878 eJ'us
524 795 629 880 lyram
653 797 810 860 comicam
831 814 905 860 cum
920 802 1035 860 caetera
1048 795 1234 861 Graecorum

163 900 234 983 lyra
250 920 433 984 compares,
451 903 591 968 multum
615 921 689 967 eum
716 901 757 966 ab
785 902 851 966 illis
870 901 1023 977 differre,
1044 901 1084 965 ab
1099 902 1151 967 bis
1168 919 1235 966 non

164 1008 259 1088 nihil,
273 1009 407 1075 ridebis.

861 1175 885 1208 Ι

674 1247 715 1310 ll.

201 1461 322 1542 Religio
339 1462 449 1528 subest
459 1447 547 1526 omni
563 1462 747 1526 Graecorum
761 1462 851 1544 lyrae,
866 1463 963 1527 etiam
977 1462 1117 1540 comicae,
1134 1464 1235 1528 etiam

162 1569 237 1634 huic
251 1587 309 1650 per
322 1569 370 1632 fas
384 1575 416 1634 et
433 1570 521 1633 nefas
538 1569 658 1634 ruenti.
675 1569 776 1642 Quam
789 1569 995 1651 religionem,
1012 1569 1114 1633 multo
1134 1569 1235 1633 etiam

160 1677 336 1740 tristiorem
362 1682 392 1739 et
422 1677 614 1740 sanctiorem
631 1675 765 1740 Hebraea
792 1680 857 1738 tota
887 1675 1010 1740 mirum
1035 1676 1069 1738 in
1097 1675 1235 1739 modum

161 1783 261 1864 spirat
271 1781 471 1863 lyra‚Latiua
485 1798 560 1844 vero
575 1788 760 1863 nostraque,
769 1781 796 1843 si
806 1799 906 1862 pauca
915 1798 1050 1846 numero
1058 1782 1234 1862 exceperis,
1284 1786 1288 1792 ’

161 1888 306 1953 minime.
329 1890 372 1952 lle
394 1888 526 1952 Hebraea
544 1887 730 1971 adeoque,
749 1887 904 1952 diviniore
926 1891 1041 1952 mente
1054 1888 1180 1964 afflata,
1197 1889 1234 1952 in

160 1997 290 2060 secretis
304 1996 409 2061 Horeb
429 2001 486 2059 aut
496 1995 586 2071 Sinai
596 1993 791 2058 culminibus
814 1994 941 2073 regium
961 2001 1121 2076 pastorem
1136 1995 1235 2076 longe

161 2119 259 2182 supra
278 2101 395 2164 Aonios
409 2107 533 2165 montes
548 2117 613 2163 non
627 2101 781 2164 mediocri
798 2099 904 2164 volatu
919 2098 1062 2174 extulit¹,
1077 2107 1233 2166 c'aeterum

159 2207 348 2289 pudibunda
372 2208 512 2272 nimium
530 2207 649 2272 nostris
677 2207 793 2288 satyris
819 2207 955 2270 intersit.
971 2207 1136 2271 ludorum
1153 2227 1233 2272 vero

159 2311 293 2394 lyricam
310 2313 432 2394 poesim
447 2312 498 2374 vix
513 2312 668 2393 attingere
682 2311 809 2388 ausim,
824 2329 864 2374 ne
879 2311 1005 2391 ignotus
1020 2311 1105 2375 inter
1120 2313 1232 2393 ignota

158 2425 313 2482 versaret
328 2417 440 2481 alienis
459 2423 583 2481 tantum
599 2417 699 2481 oculis
714 2435 749 2480 ac
759 2416 889 2498 judiciis
905 2417 951 2479 uti
965 2435 1071 2498 cogar.
1089 2418 1172 2481 Satis
1185 2421 1233 2483 sit

159 2541 255 2605 ergo,
286 2523 418 2587 honoris
445 2541 556 2598 causa,
573 2523 738 2605 vulgatum
764 2523 845 2586 illud
868 2528 1032 2604 repetere,
1049 2523 1230 2607 lyricorum
1256 2518 1261 2525 ’

158 2631 338 2714 carminum
353 2631 437 2712 apud
458 2630 573 2706 Indos,
589 2636 625 2693 ut
641 2631 724 2712 apud
748 2648 861 2694 omnes
883 2631 1092 2712 retegentes,
1109 2630 1230 2713 duplex

157 2738 254 2803 fuisse
280 2744 425 2819 tempus,
449 2737 586 2802 alterum
600 2745 715 2802 natura
730 2755 935 2819 expressum,
958 2755 1032 2802 cum
1051 2743 1083 2802 et
1100 2739 1179 2801 Deos
1192 2746 1229 2803 et

77 2845 80 2852 '
157 2845 317 2908 mundum
341 2852 476 2921 canunt,
502 2843 587 2926 quod
602 2846 752 2906 Vodorosm
780 2849 849 2920 est,
867 2844 1004 2907 alterum
1019 2849 1127 2908 autem
1157 2849 1233 2908 arte
1293 2880 1295 2884 >

156 2945 384 3031 temperatum,
410 2967 484 3013 cum
498 2949 584 3012 viros
598 2950 667 3028 ipro
691 2953 784 3012 smnio
803 2951 963 3026 celebrere,
977 2950 1046 3030 jam
1062 2950 1228 3013 terrestris

157 3054 248 3132 iacta,
263 3056 384 3136 poesis,
401 3061 457 3117 aut
477 3055 510 3117 in
529 3071 656 3119 scenam
674 3056 825 3138 proditet
839 3055 987 3120 theatrali
1002 3052 1143 3119 sermoni
1157 3055 1232 3120 im·-

157 3163 318 3238 miscetur‚
335 3178 372 3224 eo
386 3166 494 3224 tamen
510 3143 697 3224 discrimine
711 3162 795 3242 quod
809 3180 873 3225 non
894 3167 1018 3226 certum
1033 3169 1064 3226 et
1078 3162 1226 3244 assigua-

156 3279 225 3332 tum
246 3268 281 3330 in
301 3267 417 3331 tabulis
431 3266 548 3341 locum,
565 3274 601 3330 ut
624 3267 741 3337 chorus
757 3268 841 3349 opud
855 3269 990 3346 Graecos,
1009 3267 1150 3345 obtinet,
1168 3269 1224 3333 sed

118 3412 120 3414 v
155 3375 246 3439 toties
261 3381 392 3456 apparet
406 3373 507 3456 lyrica
520 3390 696 3456 vocemque
710 3375 812 3451 tollit,
825 3374 949 3456 quoties
963 3389 1034 3436 eam
1048 3389 1224 3452 crumpens

47 3532 49 3536 ,
154 3487 279 3563 pectore
290 3481 419 3546 affectus
432 3480 550 3561 vulgati
559 3497 671 3544 versus
683 3480 821 3543 formam
834 3478 984 3542 excedere
995 3476 1086 3557 jubet
1100 3491 1136 3537 ac
1147 3490 1225 3536 rare

155 3587 314 3651 coelestem
327 3588 471 3668 linguam
486 3604 653 3668 usurpare.
670 3586 740 3648 lam
754 3586 884 3649 tandem
901 3585 986 3665 apud
1007 3582 1135 3647 Latinos
1156 3583 1224 3645 llo·

152 3694 253 3756 ratius
266 3693 345 3757 lleos
359 3693 555 3757 carminibus
571 3692 638 3756 suis
654 3692 777 3769 inserit,
792 3686 869 3773 ¹quia
886 3691 1038 3754 decorum
1054 3694 1103 3752 est
1116 3705 1229 3770 neque-

153 3817 268 3881 parum
280 3799 388 3881 lyrica
402 3818 527 3882 pompa
545 3799 679 3873 confert;
696 3799 869 3863 Fortunam
886 3804 1039 3873 nontam,
1053 3797 1222 3878 religionis

185 4019 206 4066 l.
222 4019 250 4064 V.
265 4017 365 4076 Milton,
378 4020 397 4066 l.
411 4045 441 4053 -
454 4016 514 4066 Vide
526 4016 557 4065 de
569 4015 649 4080 lyrica
657 4015 771 4064 omnium
783 4015 932 4078 populorum
943 4016 1012 4078 poesi
1022 4029 1111 4066 recens
1122 4017 1217 4065 summi

151 4094 197 4146 viri
209 4109 271 4159 opus
287 4098 341 4146 :Do
353 4096 379 4146 lo
390 4097 472 4160 podria
491 4096 591 4159 lprique
610 4098 639 4146 dc
655 4095 782 4150 Pindaro,
795 4100 853 4155 eto,
873 4108 923 4157 por
938 4097 969 4145 ld.
990 4095 1135 4146 Villemoio.
1212 4156 1214 4161 γ
