2768 4746
642 361 802 416 ..54-

187 487 348 567 carpsisse
362 486 528 570 creditur*¹
544 486 707 558 Quantum
726 503 822 567 porro
836 485 914 548 salis
932 491 964 551 et
979 484 1166 549 facetiarum
1184 504 1259 550 esse

189 593 298 658 debuit
314 594 348 657 in
365 592 518 674 Γηρυτάδῃ,
537 592 592 656 ubi
608 593 700 674 fingit
713 599 821 674 poetas
840 609 921 673 quos
935 590 1120 655 macilentos
1135 591 1211 657 dicit
1222 601 1259 657 et

190 699 348 780 ἁδοφοίτας,
373 699 413 763 ab
433 699 504 763 aliis
520 699 638 780 poetis,
658 706 827 764 convocata
840 699 1001 775 concione,
1016 697 1137 777 legatos
1158 699 1259 777 luisse

187 813 223 870 ut
236 812 322 869 vates
342 806 376 868 in
393 804 474 892 Orco
488 806 652 870 versantes
673 804 831 869 viserent!
848 805 936 868 Unde
959 822 1025 868 non
1042 805 1204 887 Euripidis
1223 815 1258 871 et

190 910 325 992 AEschyli
351 910 453 974 solum
475 910 682 984 concertatio,
706 909 762 974 sed
785 909 1001 989 plurimorum
1027 910 1199 990 oriebatur,
1223 920 1257 976 et

188 1015 300 1080 multe
327 1015 561 1098 clamitosoeque
582 1016 667 1098 apud
684 1015 850 1080 Plutonem
864 1013 979 1090 turbe,
997 1015 1164 1096 inquibus
1187 1036 1256 1082 non

134 1130 136 1137 ’
189 1102 320 1187 ultimas
339 1122 453 1186 habuit
465 1122 598 1186 forsitan
609 1119 929 1203 partesllinesiasllle
940 1105 1139 1203 oopao'oqolme,
1150 1123 1257 1186 utsci-

187 1245 272 1305 mus,
296 1228 395 1291 simul
409 1234 504 1309 atque
516 1227 656 1308 ἀδοφοίτης
667 1225 1043 1308 dithyrambicorumque
1060 1226 1200 1290 vicarius
1217 1227 1255 1290 in

187 1333 374 1414 legatione¹.
386 1333 453 1405 Quo
465 1332 626 1414 imprimis
638 1332 753 1414 spiritu
771 1333 877 1413 vigere
888 1337 918 1396 et
929 1330 1257 1413 florerejucunditate

187 1440 297 1504 debuit
311 1441 436 1517 Ποίησις,
461 1440 488 1502 si
502 1439 548 1503 ibi
562 1441 670 1505 Possis
687 1441 774 1520 ipsa,
791 1445 826 1503 ut
846 1439 962 1503 Musica
981 1440 1015 1502 in
1031 1441 1156 1502 Chirone
1172 1439 1255 1504 Phe-

186 1547 319 1611 recratls
333 1547 417 1626 apud
432 1547 595 1610 iustitiam
608 1547 648 1610 de
661 1547 768 1629 pravis
786 1546 916 1609 musicis
931 1551 1063 1627 questa,
1077 1551 1132 1609 aut
1161 1548 1256 1608 Musa
1274 1594 1278 1608 ,

153 1683 156 1688 ·
187 1653 361 1736 Phrynichi
375 1653 521 1717 sedentes
533 1653 776 1735 judicantesque
788 1657 895 1733 poetas
908 1652 1162 1743 Sophoclemque
1174 1652 1256 1717 cele-

187 1760 327 1835 brantes,
343 1759 432 1824 vultu
452 1759 605 1823 adornata
625 1766 655 1822 et
670 1758 804 1840 loquens
822 1759 1041 1823 inducebatur.
1060 1759 1160 1831 Quam
1180 1758 1255 1822 laeta

187 1867 305 1931 horum
326 1872 358 1931 et
376 1867 478 1931 audax
496 1867 651 1932 inventiol
676 1867 749 1939 Quae
771 1867 972 1931 irritamenta
985 1866 1163 1949 lyraelouae
1176 1865 1254 1929 lau·

155 1958 160 1970 ’
185 1971 263 2037 dum
279 1973 390 2053 gratia,
405 1979 460 2037 aul
474 1973 529 2053 qni
538 1973 637 2054 ipsius
651 1973 756 2035 salirae
767 1972 869 2052 lepos!

150 2164 155 2176 ’
227 2186 259 2247 40
273 2185 341 2257 Qua
359 2193 467 2249 autem
487 2185 520 2248 vi
539 2192 570 2250 et
583 2187 683 2266 gratia
695 2185 792 2267 hujus
816 2185 914 2269 lyrae,
930 2204 1000 2267 quae
1014 2187 1083 2268 jam
1097 2156 1251 2250 diversis·
1296 2250 1319 2274 ,x

187 2291 270 2355 sima
292 2292 413 2366 sonuit,
439 2292 556 2355 lactum
583 2299 630 2356 est
658 2293 745 2368 ut,in
769 2292 825 2355 illa
845 2311 957 2356 rerum
981 2293 1129 2357 omnium
1153 2292 1254 2356 satira
1305 2310 1316 2332 ‘

187 2396 305 2481 ubique
323 2384 517 2476 luxuriante,
538 2399 680 2480 undique
697 2399 868 2475 exoriente,
884 2399 919 2462 in
933 2405 1020 2498 tpnta
1040 2398 1181 2463 foeditate
1204 2400 1254 2462 vi·

186 2504 321 2582 tiorum,
341 2521 481 2586 quorum
500 2503 664 2569 uberrima
684 2503 774 2586 copia
795 2505 934 2587 pertinet
952 2506 992 2568 ad
1022 2505 1181 2569 urbanam
1207 2506 1256 2568 ri-

186 2617 265 2687 tum,
286 2609 467 2692 quibusque
486 2610 708 2692 Aristophanis
726 2611 871 2676 carmina
884 2613 1001 2693 saepius
1019 2611 1254 2677 commaculata

142 2786 148 2795 ,
188 2723 280 2793 sunt,
297 2717 408 2781 lloreat
422 2709 591 2798 aliquando
610 2716 897 2782 rurisamoenitasl
908 2719 1016 2801 Neque
1036 2737 1074 2783 ea
1089 2717 1253 2793 rusticitas

186 2833 237 2886 est
258 2829 357 2903 poetae
383 2823 535 2904 quesita,
556 2823 611 2886 sed
631 2840 843 2904 personarum
859 2824 1003 2904 ipsorum
1022 2842 1113 2889 mera
1134 2831 1165 2888 et
1184 2824 1254 2887 sin-

187 2944 269 2992 cere.
285 2929 354 2993 Non
367 2927 421 2991 ille
438 2928 554 2992 fabulas
569 2946 633 2993 suae
647 2928 760 2992 inserit
773 2929 916 2993 consulto
926 2932 1025 3011 pictas
1039 2949 1155 2995 rurum
1169 2930 1253 2994 ima-

101 3049 102 3052 ’
187 3034 278 3116 ginss
306 3041 338 3098 et
368 3034 403 3096 in
430 3034 588 3097 arcessitis
618 3034 811 3099 immoratur
836 3035 1122 3118 descriptionibus,
1149 3052 1257 3119 neque

107 3169 110 3175 ·
187 3141 356 3206 exclamat:
376 3142 400 3203 0
422 3145 589 3219 samanaeos
608 3144 794 3205 πωπω...
818 3149 966 3206 monetve
986 3142 1109 3206 discere
1125 3140 1255 3206 rustici-

187 3255 285 3312 tatem
303 3253 336 3312 et
352 3266 417 3312 non
433 3254 576 3314 temnere
591 3265 732 3330 campos.
759 3249 796 3313 ln
816 3251 886 3330 ejus
906 3249 1105 3339 carminibus
1120 3250 1257 3330 agrestis

186 3354 334 3435 quaedam
349 3355 430 3419 bene
451 3355 514 3419 olet
527 3373 656 3420 morum
672 3356 868 3437 ingenuitas,
885 3357 1092 3439 splendetque
1121 3373 1257 3438 campo-

68 3454 71 3459 ’
186 3477 261 3522 rum
286 3459 435 3541 frugibus
462 3461 650 3536 virentium,
668 3479 760 3525 succo
779 3462 993 3540 tumentium,
1014 3462 1177 3542 ligonibus
1191 3462 1256 3526 lul-

185 3566 329 3658 gentium
354 3567 527 3648 opulentia.
554 3567 642 3631 Inter
662 3585 696 3632 se
714 3569 961 3651 colloquuntur,
982 3569 1106 3645 rident,
1135 3577 1259 3633 canunt

186 3673 343 3754 agricolae.
368 3673 424 3737 liic
448 3674 541 3754 gestit
557 3677 629 3736 cites
642 3676 765 3754 alloqui,
779 3677 865 3755 ficus,
880 3694 957 3754 quos
978 3679 1051 3738 scote
1063 3675 1183 3755 junior,
1198 3695 1256 3738 su-

185 3781 298 3856 lutora·
312 3779 378 3858 ille,
398 3782 580 3862 conspicere
597 3783 733 3845 tridcolcs
749 3795 862 3846 rastros
880 3784 1054 3862 refulgentes
1081 3785 1121 3845 od
1144 3785 1254 3861 subm,

183 3888 294 3961 quibus
312 3889 380 3949 berle
395 3890 618 3965 separabamur
635 3891 746 3952 vitiano
758 3892 888 3965 mulces,
911 3900 1042 3968 myrtos,
1058 3891 1168 3966 olivas,
1186 3890 1256 3951 oio·

217 4121 237 4168 1.
257 4121 285 4168 v.
298 4123 396 4182 rrum.
412 4124 495 4181 roeo,
508 4122 621 4185 sol-all,
638 4123 753 4174 llo-lae.
772 4116 829 4173 -a
844 4123 871 4171 v.
886 4126 984 4184 rrum.
1000 4125 1108 4176 ios-241.
1230 4118 1234 4130 “
