<?xml version="1.0" encoding="UTF-8"?>
<!DOCTYPE html PUBLIC "-//W3C//DTD XHTML 1.0 Transitional//EN"
    "http://www.w3.org/TR/xhtml1/DTD/xhtml1-transitional.dtd">
<html xmlns="http://www.w3.org/1999/xhtml" xml:lang="en" lang="en">
 <head>
  <title>
</title>
<meta http-equiv="Content-Type" content="text/html;charset=utf-8" />
  <meta name='ocr-system' content='tesseract 3.04.00' />
  <meta name='ocr-capabilities' content='ocr_page ocr_carea ocr_par ocr_line ocrx_word'/>
</head>
<body>
  <div class='ocr_page' id='page_1' title='image "./dechoroetcarmin00marcgoog_0029.png"; bbox 0 0 2768 4746; ppageno 0'>
   <div class='ocr_carea' id='block_1_1' title="bbox 607 352 767 406">
    <p class='ocr_par' dir='ltr' id='par_1_1' title="bbox 607 352 767 406">
     <span class='ocr_line' id='line_1_1' title="bbox 607 352 767 406; baseline -0.013 -12"><span class='ocrx_word' id='word_1_1' title='bbox 607 352 767 406; x_wconf 68' lang='grc' dir='ltr'><strong>..Μ-</strong></span> 
     </span>
    </p>
   </div>
   <div class='ocr_carea' id='block_1_2' title="bbox 131 480 1222 673">
    <p class='ocr_par' dir='ltr' id='par_1_2' title="bbox 131 480 1222 673">
     <span class='ocr_line' id='line_1_2' title="bbox 155 480 1221 564; baseline -0.001 -17"><span class='ocrx_word' id='word_1_2' title='bbox 155 484 217 548; x_wconf 87' lang='lat' dir='ltr'><strong>otia</strong></span> <span class='ocrx_word' id='word_1_3' title='bbox 238 500 302 547; x_wconf 89' lang='lat' dir='ltr'><strong>uun</strong></span> <span class='ocrx_word' id='word_1_4' title='bbox 320 485 387 564; x_wconf 83' lang='lat' dir='ltr'><strong>jam</strong></span> <span class='ocrx_word' id='word_1_5' title='bbox 405 481 536 563; x_wconf 84' lang='lat' dir='ltr'><strong>posthac</strong></span> <span class='ocrx_word' id='word_1_6' title='bbox 555 480 749 557; x_wconf 85' lang='lat' dir='ltr'><strong>exhibenda,</strong></span> <span class='ocrx_word' id='word_1_7' title='bbox 763 493 880 562; x_wconf 83' lang='lat' dir='ltr'><strong>noque</strong></span> <span class='ocrx_word' id='word_1_8' title='bbox 900 481 1062 562; x_wconf 86' lang='lat' dir='ltr'><strong>quomodo</strong></span> <span class='ocrx_word' id='word_1_9' title='bbox 1081 481 1168 547; x_wconf 83' lang='lat' dir='ltr'><strong>inter</strong></span> <span class='ocrx_word' id='word_1_10' title='bbox 1186 499 1221 546; x_wconf 86' lang='lat' dir='ltr'><strong>sa</strong></span> 
     </span>
     <span class='ocr_line' id='line_1_3' title="bbox 131 585 1222 673; baseline -0.003 -18"><span class='ocrx_word' id='word_1_11' title='bbox 131 627 134 633; x_wconf 88' lang='lat'>·</span> <span class='ocrx_word' id='word_1_12' title='bbox 155 591 334 655; x_wconf 83' lang='lat' dir='ltr'><strong>oohaeroant</strong></span> <span class='ocrx_word' id='word_1_13' title='bbox 346 595 401 653; x_wconf 81' lang='lat' dir='ltr'><strong>aut</strong></span> <span class='ocrx_word' id='word_1_14' title='bbox 414 593 572 671; x_wconf 80' lang='lat' dir='ltr'><strong>quatenus</strong></span> <span class='ocrx_word' id='word_1_15' title='bbox 587 586 804 670; x_wconf 78' lang='lat' dir='ltr'><strong>producantur</strong></span> <span class='ocrx_word' id='word_1_16' title='bbox 817 601 932 651; x_wconf 80' lang='lat' dir='ltr'><strong>seeum.</strong></span> <span class='ocrx_word' id='word_1_17' title='bbox 952 585 1021 652; x_wconf 85' lang='lat' dir='ltr'><strong>Non</strong></span> <span class='ocrx_word' id='word_1_18' title='bbox 1032 588 1130 669; x_wconf 87' lang='lat' dir='ltr'><strong>justa,</strong></span> <span class='ocrx_word' id='word_1_19' title='bbox 1145 589 1222 673; x_wconf 60' lang='lat' dir='ltr'><strong>quia</strong></span> 
     </span>
    </p>
   </div>
   <div class='ocr_carea' id='block_1_3' title="bbox 115 692 1231 2264">
    <p class='ocr_par' dir='ltr' id='par_1_3' title="bbox 115 692 1231 2264">
     <span class='ocr_line' id='line_1_4' title="bbox 155 692 1222 775; baseline 0 -15"><span class='ocrx_word' id='word_1_20' title='bbox 155 697 216 760; x_wconf 85' lang='lat' dir='ltr'><strong>bus</strong></span> <span class='ocrx_word' id='word_1_21' title='bbox 231 713 277 761; x_wconf 78' lang='lat' dir='ltr'><strong>on</strong></span> <span class='ocrx_word' id='word_1_22' title='bbox 291 695 489 770; x_wconf 79' lang='lat' dir='ltr'><strong>dividuntur,</strong></span> <span class='ocrx_word' id='word_1_23' title='bbox 510 693 678 759; x_wconf 83' lang='lat' dir='ltr'><strong>intervalla</strong></span> <span class='ocrx_word' id='word_1_24' title='bbox 691 698 874 775; x_wconf 81' lang='lat' dir='ltr'><strong>temporum</strong></span> <span class='ocrx_word' id='word_1_25' title='bbox 890 692 1061 771; x_wconf 78' lang='lat' dir='ltr'><strong>motitur¹3</strong></span> <span class='ocrx_word' id='word_1_26' title='bbox 1082 692 1170 759; x_wconf 87' lang='lat' dir='ltr'><strong>locos</strong></span> <span class='ocrx_word' id='word_1_27' title='bbox 1183 710 1222 760; x_wconf 80' lang='lat' dir='ltr'><strong>ar</strong></span> 
     </span>
     <span class='ocr_line' id='line_1_5' title="bbox 155 798 1223 884; baseline 0.002 -20"><span class='ocrx_word' id='word_1_28' title='bbox 155 802 329 884; x_wconf 85' lang='lat' dir='ltr'><strong>improviso</strong></span> <span class='ocrx_word' id='word_1_29' title='bbox 344 802 377 865; x_wconf 91' lang='lat' dir='ltr'><strong>in</strong></span> <span class='ocrx_word' id='word_1_30' title='bbox 392 801 553 883; x_wconf 81' lang='lat' dir='ltr'><strong>plerisque</strong></span> <span class='ocrx_word' id='word_1_31' title='bbox 567 798 761 874; x_wconf 83' lang='lat' dir='ltr'><strong>tabuiis,noc</strong></span> <span class='ocrx_word' id='word_1_32' title='bbox 776 798 873 863; x_wconf 81' lang='lat' dir='ltr'><strong>semel</strong></span> <span class='ocrx_word' id='word_1_33' title='bbox 889 800 922 863; x_wconf 94' lang='lat' dir='ltr'><strong>iu</strong></span> <span class='ocrx_word' id='word_1_34' title='bbox 936 817 1011 876; x_wconf 87' lang='lat' dir='ltr'><strong>una,</strong></span> <span class='ocrx_word' id='word_1_35' title='bbox 1020 816 1079 865; x_wconf 82' lang='lat' dir='ltr'><strong>neo</strong></span> <span class='ocrx_word' id='word_1_36' title='bbox 1088 801 1223 866; x_wconf 79' lang='lat' dir='ltr'><strong>intersi-</strong></span> 
     </span>
     <span class='ocr_line' id='line_1_6' title="bbox 156 904 1226 983; baseline 0.001 -13"><span class='ocrx_word' id='word_1_37' title='bbox 156 913 250 972; x_wconf 81' lang='lat' dir='ltr'><strong>nonta</strong></span> <span class='ocrx_word' id='word_1_38' title='bbox 270 906 386 982; x_wconf 84' lang='lat' dir='ltr'><strong>choro,</strong></span> <span class='ocrx_word' id='word_1_39' title='bbox 411 913 514 971; x_wconf 81' lang='lat' dir='ltr'><strong>mutat</strong></span> <span class='ocrx_word' id='word_1_40' title='bbox 538 906 598 970; x_wconf 89' lang='lat' dir='ltr'><strong>:in</strong></span> <span class='ocrx_word' id='word_1_41' title='bbox 615 907 691 968; x_wconf 79' lang='lat' dir='ltr'><strong>Pocs</strong></span> <span class='ocrx_word' id='word_1_42' title='bbox 714 923 733 970; x_wconf 90' lang='lat' dir='ltr'><strong>a</strong></span> <span class='ocrx_word' id='word_1_43' title='bbox 750 913 836 970; x_wconf 86' lang='lat' dir='ltr'><strong>terra</strong></span> <span class='ocrx_word' id='word_1_44' title='bbox 850 904 883 968; x_wconf 89' lang='lat' dir='ltr'><strong>iu</strong></span> <span class='ocrx_word' id='word_1_45' title='bbox 896 904 1030 983; x_wconf 87' lang='lat' dir='ltr'><strong>ooelum,</strong></span> <span class='ocrx_word' id='word_1_46' title='bbox 1053 925 1077 970; x_wconf 81' lang='lat' dir='ltr'><strong>a</strong></span> <span class='ocrx_word' id='word_1_47' title='bbox 1094 906 1175 971; x_wconf 84' lang='lat' dir='ltr'><strong>ooelo</strong></span> <span class='ocrx_word' id='word_1_48' title='bbox 1188 907 1226 971; x_wconf 90' lang='lat' dir='ltr'><strong>in</strong></span> 
     </span>
     <span class='ocr_line' id='line_1_7' title="bbox 156 1001 1227 1094; baseline -0.001 -16"><span class='ocrx_word' id='word_1_49' title='bbox 156 1021 294 1088; x_wconf 78' lang='lat' dir='ltr'><strong>terram,</strong></span> <span class='ocrx_word' id='word_1_50' title='bbox 318 1013 447 1078; x_wconf 88' lang='lat' dir='ltr'><strong>adomo</strong></span> <span class='ocrx_word' id='word_1_51' title='bbox 465 1014 498 1076; x_wconf 88' lang='lat' dir='ltr'><strong>in</strong></span> <span class='ocrx_word' id='word_1_52' title='bbox 514 1013 678 1077; x_wconf 76' lang='lat' dir='ltr'><strong>senatum&#39;</strong></span> <span class='ocrx_word' id='word_1_53' title='bbox 695 1013 793 1076; x_wconf 89' lang='lat' dir='ltr'><strong>unius</strong></span> <span class='ocrx_word' id='word_1_54' title='bbox 807 1012 962 1089; x_wconf 86' lang='lat' dir='ltr'><strong>orationis</strong></span> <span class='ocrx_word' id='word_1_55' title='bbox 976 1001 1227 1094; x_wconf 79' lang='lat' dir='ltr'><strong>pronuntiandus</strong></span> 
     </span>
     <span class='ocr_line' id='line_1_8' title="bbox 123 1117 1224 1200; baseline -0.003 -15"><span class='ocrx_word' id='word_1_56' title='bbox 123 1158 126 1163; x_wconf 90' lang='lat'><em>·</em></span> <span class='ocrx_word' id='word_1_57' title='bbox 156 1118 268 1194; x_wconf 81' lang='lat' dir='ltr'><strong>causa,</strong></span> <span class='ocrx_word' id='word_1_58' title='bbox 285 1135 413 1186; x_wconf 79' lang='lat' dir='ltr'><strong>scenam</strong></span> <span class='ocrx_word' id='word_1_59' title='bbox 428 1117 765 1196; x_wconf 81' lang='lat' dir='ltr'><strong>transiert;in1ionis,</strong></span> <span class='ocrx_word' id='word_1_60' title='bbox 782 1118 843 1183; x_wconf 85' lang='lat' dir='ltr'><strong>iter</strong></span> <span class='ocrx_word' id='word_1_61' title='bbox 856 1118 1047 1184; x_wconf 79' lang='lat' dir='ltr'><strong>facientibus</strong></span> <span class='ocrx_word' id='word_1_62' title='bbox 1064 1118 1224 1200; x_wconf 85' lang='lat' dir='ltr'><strong>personis,</strong></span> 
     </span>
     <span class='ocr_line' id='line_1_9' title="bbox 157 1224 1227 1302; baseline 0 -12"><span class='ocrx_word' id='word_1_63' title='bbox 157 1243 226 1290; x_wconf 81' lang='lat' dir='ltr'><strong>sesa</strong></span> <span class='ocrx_word' id='word_1_64' title='bbox 246 1224 410 1289; x_wconf 87' lang='lat' dir='ltr'><strong>continuat</strong></span> <span class='ocrx_word' id='word_1_65' title='bbox 435 1241 536 1289; x_wconf 73' lang='lat' dir='ltr'><strong>soona</strong></span> <span class='ocrx_word' id='word_1_66' title='bbox 556 1224 691 1289; x_wconf 89' lang='lat' dir='ltr'><strong>mutatio</strong></span> <span class='ocrx_word' id='word_1_67' title='bbox 713 1230 783 1302; x_wconf 86' lang='lat' dir='ltr'><strong>aut,</strong></span> <span class='ocrx_word' id='word_1_68' title='bbox 811 1229 847 1288; x_wconf 91' lang='lat' dir='ltr'><strong>ut</strong></span> <span class='ocrx_word' id='word_1_69' title='bbox 869 1224 1058 1289; x_wconf 85' lang='lat' dir='ltr'><strong>vocabulum</strong></span> <span class='ocrx_word' id='word_1_70' title='bbox 1078 1224 1227 1290; x_wconf 79' lang='lat' dir='ltr'><strong>Graecum</strong></span> 
     </span>
     <span class='ocr_line' id='line_1_10' title="bbox 157 1330 1227 1415; baseline 0 -19"><span class='ocrx_word' id='word_1_71' title='bbox 157 1332 274 1410; x_wconf 82' lang='lat' dir='ltr'><strong>imiter,</strong></span> <span class='ocrx_word' id='word_1_72' title='bbox 290 1331 455 1398; x_wconf 83' lang='lat' dir='ltr'><strong>conversio</strong></span> <span class='ocrx_word' id='word_1_73' title='bbox 462 1332 484 1409; x_wconf 85' lang='lat'><strong>⁸,</strong></span> <span class='ocrx_word' id='word_1_74' title='bbox 501 1330 624 1415; x_wconf 90' lang='lat' dir='ltr'><strong>quoad,</strong></span> <span class='ocrx_word' id='word_1_75' title='bbox 639 1332 708 1414; x_wconf 86' lang='lat' dir='ltr'><strong>jam</strong></span> <span class='ocrx_word' id='word_1_76' title='bbox 725 1331 859 1395; x_wconf 90' lang='lat' dir='ltr'><strong>dimidia</strong></span> <span class='ocrx_word' id='word_1_77' title='bbox 871 1331 980 1396; x_wconf 85' lang='lat' dir='ltr'><strong>tabula</strong></span> <span class='ocrx_word' id='word_1_78' title='bbox 993 1335 1137 1414; x_wconf 70' lang='lat' dir='ltr'><strong>perusta,</strong></span> <span class='ocrx_word' id='word_1_79' title='bbox 1156 1339 1227 1397; x_wconf 81' lang='lat' dir='ltr'><strong>sta-</strong></span> 
     </span>
     <span class='ocr_line' id='line_1_11' title="bbox 157 1437 1228 1522; baseline -0.002 -17"><span class='ocrx_word' id='word_1_80' title='bbox 157 1440 231 1506; x_wconf 89' lang='lat' dir='ltr'><strong>bilis</strong></span> <span class='ocrx_word' id='word_1_81' title='bbox 245 1439 300 1504; x_wconf 89' lang='lat' dir='ltr'><strong>illa</strong></span> <span class='ocrx_word' id='word_1_82' title='bbox 314 1438 395 1506; x_wconf 63' lang='lat' dir='ltr'><strong>fiatt.</strong></span> <span class='ocrx_word' id='word_1_83' title='bbox 418 1438 521 1520; x_wconf 79' lang='lat' dir='ltr'><strong>Vulgo</strong></span> <span class='ocrx_word' id='word_1_84' title='bbox 535 1439 570 1502; x_wconf 93' lang='lat' dir='ltr'><strong>in</strong></span> <span class='ocrx_word' id='word_1_85' title='bbox 584 1442 727 1502; x_wconf 82' lang='lat' dir='ltr'><strong>extrema</strong></span> <span class='ocrx_word' id='word_1_86' title='bbox 741 1446 832 1521; x_wconf 83' lang='lat' dir='ltr'><strong>parta</strong></span> <span class='ocrx_word' id='word_1_87' title='bbox 845 1437 962 1503; x_wconf 78' lang='lat' dir='ltr'><strong>fabulas</strong></span> <span class='ocrx_word' id='word_1_88' title='bbox 976 1446 1026 1504; x_wconf 81' lang='lat' dir='ltr'><strong>sat</strong></span> <span class='ocrx_word' id='word_1_89' title='bbox 1037 1438 1133 1522; x_wconf 82' lang='lat' dir='ltr'><strong>longo</strong></span> <span class='ocrx_word' id='word_1_90' title='bbox 1146 1457 1208 1522; x_wconf 89' lang='lat' dir='ltr'><strong>pro</strong></span> <span class='ocrx_word' id='word_1_91' title='bbox 1222 1475 1228 1483; x_wconf 84' lang='lat'><em>-</em></span> 
     </span>
     <span class='ocr_line' id='line_1_12' title="bbox 115 1545 1225 1629; baseline 0 -18"><span class='ocrx_word' id='word_1_92' title='bbox 115 1616 118 1625; x_wconf 55' lang='grc'>,</span> <span class='ocrx_word' id='word_1_93' title='bbox 157 1547 286 1612; x_wconf 82' lang='lat' dir='ltr'><strong>ducitur</strong></span> <span class='ocrx_word' id='word_1_94' title='bbox 299 1546 399 1611; x_wconf 85' lang='lat' dir='ltr'><strong>series</strong></span> <span class='ocrx_word' id='word_1_95' title='bbox 411 1563 623 1629; x_wconf 81' lang='lat' dir='ltr'><strong>personarum</strong></span> <span class='ocrx_word' id='word_1_96' title='bbox 634 1545 697 1610; x_wconf 88' lang='lat' dir='ltr'><strong>huc</strong></span> <span class='ocrx_word' id='word_1_97' title='bbox 710 1546 795 1611; x_wconf 81' lang='lat' dir='ltr'><strong>sorte</strong></span> <span class='ocrx_word' id='word_1_98' title='bbox 808 1552 839 1610; x_wconf 84' lang='lat' dir='ltr'><strong>ot</strong></span> <span class='ocrx_word' id='word_1_99' title='bbox 853 1545 957 1612; x_wconf 87' lang='lat' dir='ltr'><strong>obiter</strong></span> <span class='ocrx_word' id='word_1_100' title='bbox 970 1546 1225 1628; x_wconf 66' lang='lat' dir='ltr'><strong>advenientium</strong></span> 
     </span>
     <span class='ocr_line' id='line_1_13' title="bbox 158 1650 1229 1734; baseline 0.002 -18"><span class='ocrx_word' id='word_1_101' title='bbox 158 1652 209 1718; x_wconf 80' lang='lat' dir='ltr'><strong>hae</strong></span> <span class='ocrx_word' id='word_1_102' title='bbox 223 1651 285 1716; x_wconf 89' lang='lat' dir='ltr'><strong>aiia</strong></span> <span class='ocrx_word' id='word_1_103' title='bbox 298 1659 372 1734; x_wconf 83' lang='lat' dir='ltr'><strong>post</strong></span> <span class='ocrx_word' id='word_1_104' title='bbox 384 1651 500 1716; x_wconf 84' lang='lat' dir='ltr'><strong>aliam⁸</strong></span> <span class='ocrx_word' id='word_1_105' title='bbox 517 1659 699 1726; x_wconf 84' lang='lat' dir='ltr'><strong>transeunt,</strong></span> <span class='ocrx_word' id='word_1_106' title='bbox 719 1650 771 1716; x_wconf 79' lang='lat' dir='ltr'><strong>vai</strong></span> <span class='ocrx_word' id='word_1_107' title='bbox 784 1651 918 1717; x_wconf 73' lang='lat' dir='ltr'><strong>abitura</strong></span> <span class='ocrx_word' id='word_1_108' title='bbox 932 1669 1022 1729; x_wconf 86' lang='lat' dir='ltr'><strong>mox,</strong></span> <span class='ocrx_word' id='word_1_109' title='bbox 1043 1652 1093 1719; x_wconf 80' lang='lat' dir='ltr'><strong>vel</strong></span> <span class='ocrx_word' id='word_1_110' title='bbox 1108 1653 1154 1717; x_wconf 83' lang='lat' dir='ltr'><strong>ibi</strong></span> <span class='ocrx_word' id='word_1_111' title='bbox 1170 1671 1229 1718; x_wconf 83' lang='lat' dir='ltr'><strong>ra-</strong></span> 
     </span>
     <span class='ocr_line' id='line_1_14' title="bbox 158 1757 1230 1840; baseline 0 -16"><span class='ocrx_word' id='word_1_112' title='bbox 158 1775 321 1825; x_wconf 79' lang='lat' dir='ltr'><strong>mausuroe</strong></span> <span class='ocrx_word' id='word_1_113' title='bbox 339 1764 376 1822; x_wconf 91' lang='lat' dir='ltr'><strong>ut</strong></span> <span class='ocrx_word' id='word_1_114' title='bbox 388 1774 543 1822; x_wconf 86' lang='lat' dir='ltr'><strong>numerus</strong></span> <span class='ocrx_word' id='word_1_115' title='bbox 563 1757 628 1821; x_wconf 88' lang='lat' dir='ltr'><strong>sint</strong></span> <span class='ocrx_word' id='word_1_116' title='bbox 644 1758 678 1821; x_wconf 92' lang='lat' dir='ltr'><strong>in</strong></span> <span class='ocrx_word' id='word_1_117' title='bbox 693 1757 775 1834; x_wconf 82' lang='lat' dir='ltr'><strong>fina;</strong></span> <span class='ocrx_word' id='word_1_118' title='bbox 803 1764 874 1823; x_wconf 89' lang='lat' dir='ltr'><strong>tum</strong></span> <span class='ocrx_word' id='word_1_119' title='bbox 890 1759 1118 1840; x_wconf 38' lang='lat' dir='ltr'><strong>‹rx-improviso</strong></span> <span class='ocrx_word' id='word_1_120' title='bbox 1132 1759 1230 1840; x_wconf 85' lang='lat' dir='ltr'><strong>prin·-</strong></span> 
     </span>
     <span class='ocr_line' id='line_1_15' title="bbox 158 1861 1230 1946; baseline 0 -18"><span class='ocrx_word' id='word_1_121' title='bbox 158 1864 243 1946; x_wconf 80' lang='lat' dir='ltr'><strong>cipss</strong></span> <span class='ocrx_word' id='word_1_122' title='bbox 253 1879 410 1946; x_wconf 78' lang='lat' dir='ltr'><strong>persona,</strong></span> <span class='ocrx_word' id='word_1_123' title='bbox 425 1861 612 1944; x_wconf 68' lang='lat' dir='ltr'><strong>aliquandiu</strong></span> <span class='ocrx_word' id='word_1_124' title='bbox 627 1869 771 1940; x_wconf 76' lang='lat' dir='ltr'><strong>remota,</strong></span> <span class='ocrx_word' id='word_1_125' title='bbox 788 1867 1060 1927; x_wconf 78' lang='lat' dir='ltr'><strong>mrsrtunturaut</strong></span> <span class='ocrx_word' id='word_1_126' title='bbox 1070 1880 1109 1927; x_wconf 83' lang='lat' dir='ltr'><strong>ex</strong></span> <span class='ocrx_word' id='word_1_127' title='bbox 1122 1863 1230 1944; x_wconf 84' lang='lat' dir='ltr'><strong>epulis</strong></span> 
     </span>
     <span class='ocr_line' id='line_1_16' title="bbox 158 1967 1230 2050; baseline 0 -16"><span class='ocrx_word' id='word_1_128' title='bbox 158 1969 266 2034; x_wconf 84' lang='lat' dir='ltr'><strong>autad</strong></span> <span class='ocrx_word' id='word_1_129' title='bbox 280 1967 392 2050; x_wconf 79' lang='lat' dir='ltr'><strong>opulas</strong></span> <span class='ocrx_word' id='word_1_130' title='bbox 404 1973 458 2032; x_wconf 86' lang='lat' dir='ltr'><strong>tut</strong></span> <span class='ocrx_word' id='word_1_131' title='bbox 470 1967 512 2031; x_wconf 79' lang='lat' dir='ltr'><strong>&#39;td</strong></span> <span class='ocrx_word' id='word_1_132' title='bbox 527 1985 637 2049; x_wconf 78' lang='lat' dir='ltr'><strong>paona</strong></span> <span class='ocrx_word' id='word_1_133' title='bbox 652 1974 707 2033; x_wconf 87' lang='lat' dir='ltr'><strong>aut</strong></span> <span class='ocrx_word' id='word_1_134' title='bbox 723 1968 763 2032; x_wconf 91' lang='lat' dir='ltr'><strong>ad</strong></span> <span class='ocrx_word' id='word_1_135' title='bbox 778 1968 996 2050; x_wconf 70' lang='lat' dir='ltr'><strong>hymenaeum,</strong></span> <span class='ocrx_word' id='word_1_136' title='bbox 1013 1969 1111 2033; x_wconf 87' lang='lat' dir='ltr'><strong>simul</strong></span> <span class='ocrx_word' id='word_1_137' title='bbox 1125 1969 1165 2032; x_wconf 90' lang='lat' dir='ltr'><strong>ad</strong></span> <span class='ocrx_word' id='word_1_138' title='bbox 1179 1970 1230 2034; x_wconf 79' lang='lat' dir='ltr'><strong>ia-</strong></span> 
     </span>
     <span class='ocr_line' id='line_1_17' title="bbox 159 2072 1231 2157; baseline 0.003 -18"><span class='ocrx_word' id='word_1_139' title='bbox 159 2075 243 2141; x_wconf 86' lang='lat' dir='ltr'><strong>bulae</strong></span> <span class='ocrx_word' id='word_1_140' title='bbox 253 2074 503 2140; x_wconf 77' lang='lat' dir='ltr'><strong>conclusionem.</strong></span> <span class='ocrx_word' id='word_1_141' title='bbox 520 2072 741 2156; x_wconf 79' lang='lat' dir='ltr'><strong>Aristophanis</strong></span> <span class='ocrx_word' id='word_1_142' title='bbox 751 2073 851 2155; x_wconf 76' lang='lat' dir='ltr'><strong>igitur</strong></span> <span class='ocrx_word' id='word_1_143' title='bbox 860 2073 969 2139; x_wconf 83' lang='lat' dir='ltr'><strong>tabula</strong></span> <span class='ocrx_word' id='word_1_144' title='bbox 982 2075 1144 2157; x_wconf 86' lang='lat' dir='ltr'><strong>tripartita</strong></span> <span class='ocrx_word' id='word_1_145' title='bbox 1157 2094 1231 2142; x_wconf 82' lang='lat' dir='ltr'><strong>esso</strong></span> 
     </span>
     <span class='ocr_line' id='line_1_18' title="bbox 159 2169 1229 2264; baseline 0.001 -18"><span class='ocrx_word' id='word_1_146' title='bbox 159 2182 296 2258; x_wconf 85' lang='lat' dir='ltr'><strong>videtur,</strong></span> <span class='ocrx_word' id='word_1_147' title='bbox 318 2169 458 2264; x_wconf 86' lang='lat' dir='ltr'><strong>quarum</strong></span> <span class='ocrx_word' id='word_1_148' title='bbox 472 2179 578 2262; x_wconf 86' lang='lat' dir='ltr'><strong>prima</strong></span> <span class='ocrx_word' id='word_1_149' title='bbox 591 2197 666 2263; x_wconf 85' lang='lat' dir='ltr'><strong>para</strong></span> <span class='ocrx_word' id='word_1_150' title='bbox 680 2186 729 2245; x_wconf 81' lang='lat' dir='ltr'><strong>ast</strong></span> <span class='ocrx_word' id='word_1_151' title='bbox 743 2180 921 2262; x_wconf 82' lang='lat' dir='ltr'><strong>exponendi</strong></span> <span class='ocrx_word' id='word_1_152' title='bbox 934 2198 1016 2259; x_wconf 88' lang='lat' dir='ltr'><strong>rom,</strong></span> <span class='ocrx_word' id='word_1_153' title='bbox 1032 2182 1173 2247; x_wconf 82' lang='lat' dir='ltr'><strong>secunda</strong></span> <span class='ocrx_word' id='word_1_154' title='bbox 1189 2184 1229 2247; x_wconf 85' lang='lat' dir='ltr'><strong>de</strong></span> 
     </span>
    </p>
   </div>
   <div class='ocr_carea' id='block_1_4' title="bbox 29 2286 1229 2373">
    <p class='ocr_par' dir='ltr' id='par_1_4' title="bbox 29 2286 1229 2373">
     <span class='ocr_line' id='line_1_19' title="bbox 29 2286 1229 2373; baseline 0.002 -22"><span class='ocrx_word' id='word_1_155' title='bbox 29 2367 33 2373; x_wconf 87' lang='lat'><em>.</em></span> <span class='ocrx_word' id='word_1_156' title='bbox 160 2307 196 2354; x_wconf 86' lang='lat' dir='ltr'><strong>ro</strong></span> <span class='ocrx_word' id='word_1_157' title='bbox 206 2287 405 2370; x_wconf 85' lang='lat' dir='ltr'><strong>disputandi,</strong></span> <span class='ocrx_word' id='word_1_158' title='bbox 418 2287 525 2364; x_wconf 86' lang='lat' dir='ltr'><strong>tertia,</strong></span> <span class='ocrx_word' id='word_1_159' title='bbox 539 2304 576 2352; x_wconf 79' lang='lat' dir='ltr'><strong>aa</strong></span> <span class='ocrx_word' id='word_1_160' title='bbox 588 2304 659 2370; x_wconf 82' lang='lat' dir='ltr'><strong>quae</strong></span> <span class='ocrx_word' id='word_1_161' title='bbox 671 2287 895 2371; x_wconf 76' lang='lat' dir='ltr'><strong>consequenda</strong></span> <span class='ocrx_word' id='word_1_162' title='bbox 905 2286 981 2363; x_wconf 89' lang='lat' dir='ltr'><strong>sint,</strong></span> <span class='ocrx_word' id='word_1_163' title='bbox 996 2286 1023 2350; x_wconf 90' lang='lat' dir='ltr'><strong>si</strong></span> <span class='ocrx_word' id='word_1_164' title='bbox 1037 2287 1229 2353; x_wconf 83' lang='lat' dir='ltr'><strong>alterutrum</strong></span> 
     </span>
    </p>
   </div>
   <div class='ocr_carea' id='block_1_5' title="bbox 131 2393 1232 3654">
    <p class='ocr_par' dir='ltr' id='par_1_5' title="bbox 160 2393 1231 3008">
     <span class='ocr_line' id='line_1_20' title="bbox 160 2393 1229 2478; baseline -0.001 -19"><span class='ocrx_word' id='word_1_165' title='bbox 160 2413 178 2459; x_wconf 80' lang='lat' dir='ltr'><strong>a</strong></span> <span class='ocrx_word' id='word_1_166' title='bbox 191 2395 359 2476; x_wconf 80' lang='lat' dir='ltr'><strong>disputatis</strong></span> <span class='ocrx_word' id='word_1_167' title='bbox 369 2393 958 2478; x_wconf 66' lang='lat' dir='ltr'><strong>vincataxplioandi.Primaiambion</strong></span> <span class='ocrx_word' id='word_1_168' title='bbox 972 2411 1140 2476; x_wconf 81' lang='lat' dir='ltr'><strong>perunum</strong></span> <span class='ocrx_word' id='word_1_169' title='bbox 1152 2411 1229 2478; x_wconf 82' lang='lat' dir='ltr'><strong>por-</strong></span> 
     </span>
     <span class='ocr_line' id='line_1_21' title="bbox 161 2498 1229 2585; baseline 0.003 -21"><span class='ocrx_word' id='word_1_170' title='bbox 161 2510 273 2565; x_wconf 87' lang='lat' dir='ltr'><strong>sonam</strong></span> <span class='ocrx_word' id='word_1_171' title='bbox 288 2500 325 2564; x_wconf 81' lang='lat' dir='ltr'><strong>fit</strong></span> <span class='ocrx_word' id='word_1_172' title='bbox 341 2518 450 2566; x_wconf 83' lang='lat' dir='ltr'><strong>saoum</strong></span> <span class='ocrx_word' id='word_1_173' title='bbox 469 2500 654 2585; x_wconf 76' lang='lat' dir='ltr'><strong>loquentum</strong></span> <span class='ocrx_word' id='word_1_174' title='bbox 677 2509 733 2564; x_wconf 86' lang='lat' dir='ltr'><strong>aut</strong></span> <span class='ocrx_word' id='word_1_175' title='bbox 748 2500 828 2565; x_wconf 86' lang='lat' dir='ltr'><strong>duas</strong></span> <span class='ocrx_word' id='word_1_176' title='bbox 844 2498 929 2565; x_wconf 81' lang='lat' dir='ltr'><strong>iuter</strong></span> <span class='ocrx_word' id='word_1_177' title='bbox 943 2517 977 2565; x_wconf 84' lang='lat' dir='ltr'><strong>ss</strong></span> <span class='ocrx_word' id='word_1_178' title='bbox 990 2500 1229 2584; x_wconf 73' lang='lat' dir='ltr'><strong>coiloqueutos3</strong></span> 
     </span>
     <span class='ocr_line' id='line_1_22' title="bbox 160 2605 1230 2689; baseline 0.003 -20"><span class='ocrx_word' id='word_1_179' title='bbox 160 2605 310 2686; x_wconf 86' lang='lat' dir='ltr'><strong>secunda,</strong></span> <span class='ocrx_word' id='word_1_180' title='bbox 327 2607 516 2687; x_wconf 82' lang='lat' dir='ltr'><strong>anapestica,</strong></span> <span class='ocrx_word' id='word_1_181' title='bbox 534 2616 662 2672; x_wconf 89' lang='lat' dir='ltr'><strong>summa</strong></span> <span class='ocrx_word' id='word_1_182' title='bbox 671 2611 702 2669; x_wconf 87' lang='lat' dir='ltr'><strong>et</strong></span> <span class='ocrx_word' id='word_1_183' title='bbox 716 2605 992 2688; x_wconf 79' lang='lat' dir='ltr'><strong>arxtotiusoparis</strong></span> <span class='ocrx_word' id='word_1_184' title='bbox 1007 2612 1067 2683; x_wconf 82' lang='lat' dir='ltr'><strong>est,</strong></span> <span class='ocrx_word' id='word_1_185' title='bbox 1078 2623 1142 2689; x_wconf 93' lang='lat' dir='ltr'><strong>quo</strong></span> <span class='ocrx_word' id='word_1_186' title='bbox 1156 2613 1230 2672; x_wconf 81' lang='lat' dir='ltr'><strong>tou·</strong></span> 
     </span>
     <span class='ocr_line' id='line_1_23' title="bbox 161 2712 1229 2791; baseline 0.002 -14"><span class='ocrx_word' id='word_1_187' title='bbox 161 2713 242 2777; x_wconf 89' lang='lat' dir='ltr'><strong>dunt</strong></span> <span class='ocrx_word' id='word_1_188' title='bbox 262 2714 386 2791; x_wconf 88' lang='lat' dir='ltr'><strong>omnia,</strong></span> <span class='ocrx_word' id='word_1_189' title='bbox 413 2713 500 2778; x_wconf 85' lang='lat' dir='ltr'><strong>unda</strong></span> <span class='ocrx_word' id='word_1_190' title='bbox 514 2713 623 2781; x_wconf 89' lang='lat' dir='ltr'><strong>omnia</strong></span> <span class='ocrx_word' id='word_1_191' title='bbox 636 2713 804 2789; x_wconf 68' lang='lat' dir='ltr'><strong>orianum</strong></span> <span class='ocrx_word' id='word_1_192' title='bbox 829 2712 938 2790; x_wconf 84' lang='lat' dir='ltr'><strong>tertia,</strong></span> <span class='ocrx_word' id='word_1_193' title='bbox 964 2715 1053 2778; x_wconf 86' lang='lat' dir='ltr'><strong>varia</strong></span> <span class='ocrx_word' id='word_1_194' title='bbox 1073 2718 1229 2779; x_wconf 85' lang='lat' dir='ltr'><strong>versuum</strong></span> 
     </span>
     <span class='ocr_line' id='line_1_24' title="bbox 161 2819 1231 2904; baseline 0.002 -20"><span class='ocrx_word' id='word_1_195' title='bbox 161 2821 322 2898; x_wconf 76' lang='lat' dir='ltr'><strong>numeris,</strong></span> <span class='ocrx_word' id='word_1_196' title='bbox 346 2819 443 2887; x_wconf 78' lang='lat' dir='ltr'><strong>rubus</strong></span> <span class='ocrx_word' id='word_1_197' title='bbox 463 2819 665 2895; x_wconf 76' lang='lat' dir='ltr'><strong>inordinata,</strong></span> <span class='ocrx_word' id='word_1_198' title='bbox 689 2819 836 2903; x_wconf 80' lang='lat' dir='ltr'><strong>personis</strong></span> <span class='ocrx_word' id='word_1_199' title='bbox 856 2820 1058 2899; x_wconf 82' lang='lat' dir='ltr'><strong>inconstans,</strong></span> <span class='ocrx_word' id='word_1_200' title='bbox 1083 2825 1231 2904; x_wconf 77' lang='lat' dir='ltr'><strong>temporo</strong></span> 
     </span>
     <span class='ocr_line' id='line_1_25' title="bbox 161 2942 1091 3008; baseline 0 -16"><span class='ocrx_word' id='word_1_201' title='bbox 161 2945 252 3008; x_wconf 79' lang='lat' dir='ltr'><strong>vaga.</strong></span> <span class='ocrx_word' id='word_1_202' title='bbox 1085 2942 1091 2954; x_wconf 78' lang='grc'>’</span> 
     </span>
    </p>

    <p class='ocr_par' dir='ltr' id='par_1_6' title="bbox 131 3030 1232 3654">
     <span class='ocr_line' id='line_1_26' title="bbox 200 3030 1230 3116; baseline 0.001 -19"><span class='ocrx_word' id='word_1_203' title='bbox 200 3032 308 3114; x_wconf 79' lang='lat' dir='ltr'><strong>Neque</strong></span> <span class='ocrx_word' id='word_1_204' title='bbox 321 3049 399 3096; x_wconf 87' lang='lat' dir='ltr'><strong>voro</strong></span> <span class='ocrx_word' id='word_1_205' title='bbox 410 3030 476 3096; x_wconf 86' lang='lat' dir='ltr'><strong>aiia</strong></span> <span class='ocrx_word' id='word_1_206' title='bbox 489 3031 718 3112; x_wconf 75' lang='lat' dir='ltr'><strong>aristophanes</strong></span> <span class='ocrx_word' id='word_1_207' title='bbox 734 3037 862 3097; x_wconf 86' lang='lat' dir='ltr'><strong>tonatur</strong></span> <span class='ocrx_word' id='word_1_208' title='bbox 874 3031 960 3114; x_wconf 79' lang='lat' dir='ltr'><strong>lege,</strong></span> <span class='ocrx_word' id='word_1_209' title='bbox 976 3050 1016 3098; x_wconf 88' lang='lat' dir='ltr'><strong>no</strong></span> <span class='ocrx_word' id='word_1_210' title='bbox 1031 3032 1082 3097; x_wconf 90' lang='lat' dir='ltr'><strong>his</strong></span> <span class='ocrx_word' id='word_1_211' title='bbox 1097 3032 1230 3116; x_wconf 85' lang='lat' dir='ltr'><strong>quidem</strong></span> 
     </span>
     <span class='ocr_line' id='line_1_27' title="bbox 161 3136 1231 3221; baseline -0.001 -17"><span class='ocrx_word' id='word_1_212' title='bbox 161 3137 351 3221; x_wconf 74' lang='lat' dir='ltr'><strong>necessariis¹</strong></span> <span class='ocrx_word' id='word_1_213' title='bbox 361 3155 441 3221; x_wconf 81' lang='lat' dir='ltr'><strong>quas</strong></span> <span class='ocrx_word' id='word_1_214' title='bbox 456 3136 511 3201; x_wconf 88' lang='lat' dir='ltr'><strong>alii</strong></span> <span class='ocrx_word' id='word_1_215' title='bbox 524 3144 596 3220; x_wconf 89' lang='lat' dir='ltr'><strong>post</strong></span> <span class='ocrx_word' id='word_1_216' title='bbox 610 3155 686 3202; x_wconf 87' lang='lat' dir='ltr'><strong>eum</strong></span> <span class='ocrx_word' id='word_1_217' title='bbox 700 3138 812 3203; x_wconf 81' lang='lat' dir='ltr'><strong>comici</strong></span> <span class='ocrx_word' id='word_1_218' title='bbox 826 3144 858 3204; x_wconf 87' lang='lat' dir='ltr'><strong>et</strong></span> <span class='ocrx_word' id='word_1_219' title='bbox 870 3139 992 3215; x_wconf 82' lang='lat' dir='ltr'><strong>nostri,</strong></span> <span class='ocrx_word' id='word_1_220' title='bbox 1017 3138 1106 3203; x_wconf 92' lang='lat' dir='ltr'><strong>nullo</strong></span> <span class='ocrx_word' id='word_1_221' title='bbox 1120 3145 1231 3204; x_wconf 84' lang='lat' dir='ltr'><strong>tamon</strong></span> 
     </span>
     <span class='ocr_line' id='line_1_28' title="bbox 162 3243 1232 3328; baseline 0.002 -18"><span class='ocrx_word' id='word_1_222' title='bbox 162 3247 233 3311; x_wconf 85' lang='lat' dir='ltr'><strong>ideo</strong></span> <span class='ocrx_word' id='word_1_223' title='bbox 253 3244 382 3311; x_wconf 79' lang='lat' dir='ltr'><strong>servitio</strong></span> <span class='ocrx_word' id='word_1_224' title='bbox 398 3243 549 3327; x_wconf 81' lang='lat' dir='ltr'><strong>obligati,</strong></span> <span class='ocrx_word' id='word_1_225' title='bbox 573 3262 731 3328; x_wconf 83' lang='lat' dir='ltr'><strong>perpensa</strong></span> <span class='ocrx_word' id='word_1_226' title='bbox 749 3251 817 3311; x_wconf 82' lang='lat' dir='ltr'><strong>orto</strong></span> <span class='ocrx_word' id='word_1_227' title='bbox 835 3263 908 3322; x_wconf 88' lang='lat' dir='ltr'><strong>sua,</strong></span> <span class='ocrx_word' id='word_1_228' title='bbox 933 3252 969 3310; x_wconf 89' lang='lat' dir='ltr'><strong>ut</strong></span> <span class='ocrx_word' id='word_1_229' title='bbox 984 3244 1232 3327; x_wconf 77' lang='lat' dir='ltr'><strong>uptmmembris</strong></span> 
     </span>
     <span class='ocr_line' id='line_1_29' title="bbox 161 3350 1232 3426; baseline -0.001 -9"><span class='ocrx_word' id='word_1_230' title='bbox 161 3358 268 3418; x_wconf 84' lang='lat' dir='ltr'><strong>essent</strong></span> <span class='ocrx_word' id='word_1_231' title='bbox 281 3351 414 3426; x_wconf 79' lang='lat' dir='ltr'><strong>fabulas,</strong></span> <span class='ocrx_word' id='word_1_232' title='bbox 433 3356 569 3417; x_wconf 88' lang='lat' dir='ltr'><strong>statutas</strong></span> <span class='ocrx_word' id='word_1_233' title='bbox 587 3358 805 3416; x_wconf 79' lang='lat' dir='ltr'><strong>servaverunt.</strong></span> <span class='ocrx_word' id='word_1_234' title='bbox 831 3350 917 3417; x_wconf 82' lang='lat' dir='ltr'><strong>iiiios</strong></span> <span class='ocrx_word' id='word_1_235' title='bbox 934 3351 1021 3415; x_wconf 86' lang='lat' dir='ltr'><strong>onim</strong></span> <span class='ocrx_word' id='word_1_236' title='bbox 1035 3351 1232 3416; x_wconf 82' lang='lat' dir='ltr'><strong>immoratur</strong></span> 
     </span>
     <span class='ocr_line' id='line_1_30' title="bbox 131 3456 1230 3547; baseline 0 -24"><span class='ocrx_word' id='word_1_237' title='bbox 131 3484 134 3491; x_wconf 94' lang='lat'>·</span> <span class='ocrx_word' id='word_1_238' title='bbox 161 3459 194 3547; x_wconf 85' lang='lat' dir='ltr'><strong>in</strong></span> <span class='ocrx_word' id='word_1_239' title='bbox 215 3457 331 3524; x_wconf 83' lang='lat' dir='ltr'><strong>iabulae</strong></span> <span class='ocrx_word' id='word_1_240' title='bbox 347 3457 507 3525; x_wconf 75' lang='lat' dir='ltr'><strong>vestibulo</strong></span> <span class='ocrx_word' id='word_1_241' title='bbox 521 3464 552 3523; x_wconf 83' lang='lat' dir='ltr'><strong>et</strong></span> <span class='ocrx_word' id='word_1_242' title='bbox 565 3457 650 3523; x_wconf 86' lang='lat' dir='ltr'><strong>circa</strong></span> <span class='ocrx_word' id='word_1_243' title='bbox 661 3476 731 3523; x_wconf 85' lang='lat' dir='ltr'><strong>rem</strong></span> <span class='ocrx_word' id='word_1_244' title='bbox 747 3457 841 3537; x_wconf 92' lang='lat' dir='ltr'><strong>ludit,</strong></span> <span class='ocrx_word' id='word_1_245' title='bbox 857 3475 915 3523; x_wconf 84' lang='lat' dir='ltr'><strong>nso</strong></span> <span class='ocrx_word' id='word_1_246' title='bbox 931 3463 979 3522; x_wconf 89' lang='lat' dir='ltr'><strong>sat</strong></span> <span class='ocrx_word' id='word_1_247' title='bbox 1000 3457 1115 3540; x_wconf 83' lang='lat' dir='ltr'><strong>lapide,</strong></span> <span class='ocrx_word' id='word_1_248' title='bbox 1144 3456 1230 3523; x_wconf 91' lang='lat' dir='ltr'><strong>utin</strong></span> 
     </span>
     <span class='ocr_line' id='line_1_31' title="bbox 163 3565 1229 3654; baseline 0.002 -26"><span class='ocrx_word' id='word_1_249' title='bbox 163 3569 248 3654; x_wconf 76' lang='lat' dir='ltr'><strong>qus,</strong></span> <span class='ocrx_word' id='word_1_250' title='bbox 261 3567 405 3649; x_wconf 72' lang='lat' dir='ltr'><strong>Jooatur;</strong></span> <span class='ocrx_word' id='word_1_251' title='bbox 421 3585 480 3634; x_wconf 83' lang='lat' dir='ltr'><strong>nso</strong></span> <span class='ocrx_word' id='word_1_252' title='bbox 494 3565 604 3632; x_wconf 87' lang='lat' dir='ltr'><strong>minus</strong></span> <span class='ocrx_word' id='word_1_253' title='bbox 618 3566 761 3632; x_wconf 88' lang='lat' dir='ltr'><strong>dimidiis</strong></span> <span class='ocrx_word' id='word_1_254' title='bbox 770 3569 862 3630; x_wconf 74' lang='lat' dir='ltr'><strong>itania</strong></span> <span class='ocrx_word' id='word_1_255' title='bbox 875 3565 981 3650; x_wconf 87' lang='lat' dir='ltr'><strong>prima</strong></span> <span class='ocrx_word' id='word_1_256' title='bbox 996 3584 1071 3650; x_wconf 87' lang='lat' dir='ltr'><strong>pars</strong></span> <span class='ocrx_word' id='word_1_257' title='bbox 1084 3571 1229 3647; x_wconf 81' lang='lat' dir='ltr'><strong>occupat,</strong></span> 
     </span>
    </p>
   </div>
   <div class='ocr_carea' id='block_1_6' title="bbox 161 3852 1232 4157">
    <p class='ocr_par' dir='ltr' id='par_1_7' title="bbox 161 3852 1232 4157">
     <span class='ocr_line' id='line_1_32' title="bbox 195 3852 1232 3917; baseline -0.004 -13"><span class='ocrx_word' id='word_1_258' title='bbox 195 3857 216 3904; x_wconf 85' lang='lat'><strong>1.</strong></span> <span class='ocrx_word' id='word_1_259' title='bbox 233 3853 311 3917; x_wconf 72' lang='lat' dir='ltr'><strong>Erat,</strong></span> <span class='ocrx_word' id='word_1_260' title='bbox 323 3857 368 3905; x_wconf 76' lang='lat' dir='ltr'><strong>aui</strong></span> <span class='ocrx_word' id='word_1_261' title='bbox 381 3867 434 3917; x_wconf 86' lang='lat' dir='ltr'><strong>sqq.</strong></span> <span class='ocrx_word' id='word_1_262' title='bbox 445 3881 475 3890; x_wconf 93' lang='lat'><em>-</em></span> <span class='ocrx_word' id='word_1_263' title='bbox 485 3858 509 3905; x_wconf 81' lang='lat' dir='ltr'><strong>t.</strong></span> <span class='ocrx_word' id='word_1_264' title='bbox 522 3855 574 3903; x_wconf 80' lang='lat' dir='ltr'><strong>iioo</strong></span> <span class='ocrx_word' id='word_1_265' title='bbox 584 3866 635 3902; x_wconf 90' lang='lat' dir='ltr'><strong>non</strong></span> <span class='ocrx_word' id='word_1_266' title='bbox 646 3852 707 3901; x_wconf 85' lang='lat' dir='ltr'><strong>sutis</strong></span> <span class='ocrx_word' id='word_1_267' title='bbox 715 3857 829 3902; x_wconf 82' lang='lat' dir='ltr'><strong>constare</strong></span> <span class='ocrx_word' id='word_1_268' title='bbox 838 3852 925 3903; x_wconf 76' lang='lat' dir='ltr'><strong>fateor.</strong></span> <span class='ocrx_word' id='word_1_269' title='bbox 940 3855 968 3902; x_wconf 84' lang='lat' dir='ltr'><strong>v.</strong></span> <span class='ocrx_word' id='word_1_270' title='bbox 981 3852 1045 3902; x_wconf 71' lang='lat' dir='ltr'><strong>Pau</strong></span> <span class='ocrx_word' id='word_1_271' title='bbox 1060 3879 1088 3889; x_wconf 93' lang='lat'>-</span> <span class='ocrx_word' id='word_1_272' title='bbox 1103 3856 1126 3903; x_wconf 78' lang='lat'><strong>³.</strong></span> <span class='ocrx_word' id='word_1_273' title='bbox 1139 3852 1232 3903; x_wconf 65' lang='lat' dir='ltr'><strong>‘uaso-</strong></span> 
     </span>
     <span class='ocr_line' id='line_1_33' title="bbox 162 3929 1230 4000; baseline -0.004 -16"><span class='ocrx_word' id='word_1_274' title='bbox 162 3935 338 3992; x_wconf 63' lang='lat' dir='ltr'><strong>attramento</strong></span> <span class='ocrx_word' id='word_1_275' title='bbox 351 3935 395 3991; x_wconf 74' lang='grc' dir='ltr'><strong>ἔξω</strong></span> <span class='ocrx_word' id='word_1_276' title='bbox 408 3934 438 3983; x_wconf 79' lang='grc' dir='ltr'><strong>τὸ</strong></span> <span class='ocrx_word' id='word_1_277' title='bbox 451 3935 621 4000; x_wconf 80' lang='grc' dir='ltr'>θισμοφόριον</span> <span class='ocrx_word' id='word_1_278' title='bbox 637 3931 756 3995; x_wconf 69' lang='lat' dir='ltr'><strong>(diturum,</strong></span> <span class='ocrx_word' id='word_1_279' title='bbox 778 3929 869 3994; x_wconf 76' lang='lat' dir='ltr'><strong>schot,</strong></span> <span class='ocrx_word' id='word_1_280' title='bbox 887 3945 911 3981; x_wconf 82' lang='lat' dir='ltr'><strong>v.</strong></span> <span class='ocrx_word' id='word_1_281' title='bbox 931 3930 996 3994; x_wconf 76' lang='lat'>277.)</span> <span class='ocrx_word' id='word_1_282' title='bbox 1014 3958 1041 3967; x_wconf 91' lang='lat'>-</span> <span class='ocrx_word' id='word_1_283' title='bbox 1059 3935 1083 3983; x_wconf 76' lang='lat' dir='ltr'><strong>Is.</strong></span> <span class='ocrx_word' id='word_1_284' title='bbox 1098 3931 1181 3981; x_wconf 80' lang='lat' dir='ltr'><strong>Semel</strong></span> <span class='ocrx_word' id='word_1_285' title='bbox 1201 3932 1230 3980; x_wconf 91' lang='lat' dir='ltr'><strong>in</strong></span> 
     </span>
     <span class='ocr_line' id='line_1_34' title="bbox 162 4012 1229 4083; baseline -0.003 -19"><span class='ocrx_word' id='word_1_286' title='bbox 162 4013 314 4080; x_wconf 69' lang='lat' dir='ltr'><strong>Lysistratus,</strong></span> <span class='ocrx_word' id='word_1_287' title='bbox 331 4015 409 4083; x_wconf 81' lang='lat' dir='ltr'><strong>bisin</strong></span> <span class='ocrx_word' id='word_1_288' title='bbox 421 4014 548 4081; x_wconf 76' lang='lat' dir='ltr'><strong>Nubibus,</strong></span> <span class='ocrx_word' id='word_1_289' title='bbox 563 4012 603 4062; x_wconf 86' lang='lat' dir='ltr'><strong>bis</strong></span> <span class='ocrx_word' id='word_1_290' title='bbox 618 4013 644 4061; x_wconf 92' lang='lat' dir='ltr'><strong>in</strong></span> <span class='ocrx_word' id='word_1_291' title='bbox 656 4012 780 4079; x_wconf 72' lang='lat' dir='ltr'><strong>Aquom,</strong></span> <span class='ocrx_word' id='word_1_292' title='bbox 797 4016 858 4068; x_wconf 63' lang='lat' dir='ltr'><strong>oto„</strong></span> <span class='ocrx_word' id='word_1_293' title='bbox 872 4017 984 4062; x_wconf 87' lang='lat' dir='ltr'><strong>mutatur</strong></span> <span class='ocrx_word' id='word_1_294' title='bbox 995 4025 1078 4063; x_wconf 72' lang='lat' dir='ltr'><strong>mena.</strong></span> <span class='ocrx_word' id='word_1_295' title='bbox 1094 4039 1121 4049; x_wconf 95' lang='lat'><em>-</em></span> <span class='ocrx_word' id='word_1_296' title='bbox 1135 4017 1158 4062; x_wconf 78' lang='lat'><strong>5.</strong></span> <span class='ocrx_word' id='word_1_297' title='bbox 1176 4015 1229 4061; x_wconf 85' lang='lat' dir='ltr'><strong>Hu-</strong></span> 
     </span>
     <span class='ocr_line' id='line_1_35' title="bbox 161 4089 1018 4157; baseline -0.006 -13"><span class='ocrx_word' id='word_1_298' title='bbox 161 4094 203 4156; x_wconf 76' lang='lat' dir='ltr'><strong>ius</strong></span> <span class='ocrx_word' id='word_1_299' title='bbox 217 4092 417 4157; x_wconf 74' lang='lat' dir='ltr'><strong>gauerisiobuiae</strong></span> <span class='ocrx_word' id='word_1_300' title='bbox 430 4093 549 4143; x_wconf 83' lang='lat' dir='ltr'><strong>dicuutur</strong></span> <span class='ocrx_word' id='word_1_301' title='bbox 563 4091 657 4142; x_wconf 82' lang='lat' dir='ltr'><strong>Gallina</strong></span> <span class='ocrx_word' id='word_1_302' title='bbox 669 4093 798 4144; x_wconf 69' lang='lat' dir='ltr'><strong>nomines</strong></span> <span class='ocrx_word' id='word_1_303' title='bbox 810 4089 898 4140; x_wconf 88' lang='lat' dir='ltr'><strong>iorulis</strong></span> <span class='ocrx_word' id='word_1_304' title='bbox 910 4097 1018 4154; x_wconf 87' lang='lat' dir='ltr'><strong>sumpto.</strong></span> 
     </span>
    </p>
   </div>
   <div class='ocr_carea' id='block_1_7' title="bbox 0 0 1399 4746">
    <p class='ocr_par' dir='ltr' id='par_1_8' title="bbox 0 0 1399 4746">
     <span class='ocr_line' id='line_1_36' title="bbox 0 0 1399 4746; baseline 0 0"><span class='ocrx_word' id='word_1_305' title='bbox 0 0 1399 4746; x_wconf 95' lang='lat' dir='ltr'><strong> </strong></span> 
     </span>
    </p>
   </div>
  </div>
 </body>
</html>
