2768 4746
658 330 817 408 ’'2²'‘

218 462 298 527 duos
309 463 404 525 etiam
418 461 541 539 choros,
554 467 610 524 aut
622 459 757 524 chorum
769 477 996 542 personasque,
1008 460 1203 539 divisorum3
1217 461 1287 525 sal·

217 566 345 633 tationis
365 567 485 648 species
505 582 590 630 nunc
608 566 748 647 cyclicae,
771 583 858 631 nunc
877 567 1042 647 implexae,
1057 567 1287 657 plerumquea

216 676 314 739 choro
335 691 412 751 uno,
433 672 603 755 aliquando
623 673 719 736 etiam
737 672 777 735 ab
799 691 864 737 una
887 678 944 737 aut
966 672 1114 754 pluribus
1134 674 1285 754 personis

131 838 136 850 .
217 788 307 859 actam
334 768 509 860 caeteraque
532 780 730 844 observanda
752 786 784 845 et
803 778 942 846 cavenda
966 786 1092 861 poetam
1118 777 1284 845 moderari

215 885 313 954 simul
329 890 360 950 et
374 886 529 968 impedire
543 885 723 950 debuerint.

253 989 333 1054 Nam
355 989 498 1070 primum
520 987 605 1070 quod
625 988 859 1052 adnumerum
881 994 914 1053 et
938 986 1178 1070 dispositionem
1200 1005 1284 1053 can-

213 1094 349 1166 ticorum
373 1094 526 1177 pertinet,
550 1098 672 1157 constat
693 1111 732 1157 ex
753 1094 991 1175 comparatione
1012 1080 1162 1157 undecim
1182 1091 1283 1155 labu-

208 1201 331 1283 ¹larum,
347 1205 472 1282 poetam
484 1190 550 1265 no'n
564 1200 745 1264 cumulasse
759 1199 849 1263 ebori
860 1203 980 1281 partes,
994 1206 1166 1280 antequam
1180 1198 1282 1263 inter-

212 1307 372 1372 cineutem
406 1311 519 1389 quater
550 1306 722 1371 induxerit.
747 1306 868 1386 >leque
894 1323 911 1370 e
939 1305 1125 1369 necessitate
1159 1302 1280 1367 fabulae

120 1485 128 1500 ,
211 1410 352 1495 legitime
375 1399 584 1494 euphemum,
610 1421 644 1477 ut
664 1412 748 1494 apud
769 1430 827 1476 nos
851 1417 1007 1476 statutum
1030 1416 1094 1487 est,
1119 1409 1281 1491 pendebat

212 1521 279 1584 lraee
291 1519 523 1602 quadripartita
533 1520 623 1585 chori
637 1519 802 1597 exhibitio,
816 1518 959 1583 tabulam
969 1519 1003 1581 in
1016 1517 1158 1600 quinque
1168 1523 1280 1597 partes

211 1624 356 1690 dividens
377 1643 386 1689 ε
404 1625 551 1708 quaedam
573 1626 661 1690 enirn
682 1626 818 1700 labulae,
839 1624 927 1688 nulla
948 1623 996 1688 rei
1020 1622 1198 1686 dividenda
1216 1639 1280 1684 ue-

210 1733 371 1807 cessitate‚
388 1730 621 1796 abscinduntur
641 1732 733 1813 quasi
747 1724 952 1812 iu‘praeceps,
976 1730 1089 1806 itaut,
1110 1727 1280 1793 recedente

211 1852 284 1901 mox
306 1837 414 1914 choro,
430 1839 635 1903 continuetur
648 1839 758 1918 series,
776 1837 853 1901 dum
868 1821 1124 1915 intercideretur,
1138 1839 1278 1910 morata,
1327 1889 1330 1893 ,

210 1959 421 2023 personarum
436 1943 573 2007 aliarum
592 1944 669 2007 alias
686 1962 769 2025 pone
785 1942 987 2025 sequentium
1008 1942 1087 2006 :sed
1102 1958 1174 2005 mos
1191 1947 1279 2004 certe

210 2055 278 2112 erat
294 2054 325 2111 et
343 2048 454 2129 religio
469 2056 581 2131 quater
596 2051 630 2114 in
645 2051 787 2133 thymele
799 2069 818 2114 a
831 2050 929 2114 choro
945 2050 1065 2119 cantari
1084 2054 1139 2112 aut
1153 2044 1277 2128 saltari,

210 2155 297 2219 unde
315 2156 349 2218 iu
363 2156 504 2239 quinque
522 2161 627 2238 partes
643 2157 743 2222 dividi
763 2157 905 2223 fabulam
926 2155 1040 2220 evenit.
1061 2155 1151 2220 Nunc
1168 2159 1279 2220 autem

210 2260 332 2325 cantica
354 2263 457 2327 scenis
476 2262 554 2343 ipsis
575 2263 715 2327 admixta
735 2270 790 2328 aut
812 2268 897 2327 stant
920 2281 978 2344 per
996 2280 1046 2339 se,
1064 2266 1120 2326 aut
1141 2261 1280 2325 solerter

210 2358 399 2432 dividuntur
411 2367 572 2452 coryphei
587 2368 781 2446 recitatione,
795 2387 835 2434 ea
852 2374 1060 2450 provocante,
1077 2366 1279 2443 moderante,

211 2469 455 2563 distinguente¹.
482 2475 662 2553 Canticum,
687 2477 808 2541 cantico
827 2476 927 2540 altero
952 2492 1019 2539 uon
1042 2473 1277 2555 respondente,

211 2577 291 2652 paor
314 2596 333 2643 a
354 2580 532 2644 scholiastis
557 2581 752 2661 nominatur,
778 2583 806 2646 si
829 2601 849 2646 a
874 2582 941 2646 solo
957 2583 1072 2657 choro,
1094 2578 1279 2644 amoebeum

211 2684 355 2765 insuper,
382 2685 410 2747 si
434 2685 474 2749 ab
497 2692 602 2751 actore
625 2705 761 2769 quoque,
788 2686 937 2768 colloquii
959 2687 1072 2764 instar,
1098 2685 1236 2761 canitur;
1250 2686 1280 2748 si

212 2789 332 2853 cantico
349 2789 508 2856 cauticum
523 2791 637 2856 iisdem
652 2794 796 2859 numeris
815 2793 1004 2874 respondet,
1024 2792 1104 2857 illud
1126 2791 1280 2872 stropha,

212 2896 272 2959 hoc
286 2897 486 2978 antistropha
500 2905 558 2976 est,
569 2917 640 2981 qua
653 2900 785 2983 quidem
795 2907 848 2964 aut
863 2917 928 2963 non
942 2897 1094 2963 amoebeae
1108 2904 1165 2961 aut
1179 2915 1279 2961 amoe-

211 3001 279 3066 boae
296 3009 380 3068 sunt.
966 3053 968 3058 .

251 3108 324 3174 llaec
346 3109 445 3202 igitur
472 3111 589 3193 legenti
609 3112 793 3196 videntique
817 3117 937 3194 patent.
958 3111 1020 3177 Sed
1045 3116 1154 3177 utrum
1178 3128 1279 3191 opor-

164 3218 171 3231 ·
213 3220 294 3278 teret
302 3221 438 3297 poetam,
446 3224 481 3281 ut
490 3224 626 3300 quatuor
635 3218 855 3283 intercinentis
865 3219 954 3284 chori
964 3217 1278 3296 cantica,itahorum

212 3321 376 3394 rariorum
396 3323 576 3388 carminum
599 3324 753 3408 cujusque
772 3327 901 3407 generis
920 3332 1075 3390 statutum
1090 3325 1280 3406 justumque

213 3426 348 3508 implere
364 3446 548 3507 numerum,
565 3430 659 3494 certis
679 3449 716 3494 ea
731 3450 860 3516 quoque
878 3432 1072 3496 distribuere
1086 3428 1277 3507 intervallis,

213 3539 244 3639 et
262 3534 439 3599 secuudum
458 3535 542 3600 hanc
557 3537 777 3602 necessitatem
796 3539 1047 3620 opportunitates
1061 3535 1177 3601 fabulae
1198 3541 1280 3600 ilec-

212 3636 296 3719 tere,
324 3642 385 3706 hoe
398 3643 432 3706 in
454 3645 576 3710 incerto
599 3654 657 3710 est.
684 3647 764 3711 Nam
776 3663 891 3730 neque
911 3655 1034 3712 veteres
1053 3645 1230 3711 scholiastae
1248 3651 1281 3709 et

212 3749 425 3828 grammatici,
442 3769 516 3816 cum
534 3751 634 3817 multa
649 3753 687 3817 de
706 3755 852 3835 parabasi
867 3755 1100 3821 eonsentientes
1114 3753 1280 3818 disserue-

212 3852 294 3934 rint,
314 3855 490 3937 quidquam
515 3857 553 3923 de
575 3863 687 3922 caetera
706 3859 796 3926 chori
818 3859 1043 3929 distributione
1061 3857 1277 3935 tradiderunt,

247 4087 266 4134 l.
285 4088 366 4151 resp,
381 4091 426 4140 333
439 4102 508 4153 sqq,
519 4091 595 4151 nan,
608 4093 653 4143 325
662 4105 731 4156 sqq,
744 4095 791 4142 ate.
