2768 4746
194 494 319 568 poetam
334 486 547 569 exprimitque
560 485 734 549 verborum
749 485 862 549 lucem.
887 485 1007 548 Versus
1022 485 1152 565 igitura
1169 486 1261 562 urus

193 593 239 659 cis
253 609 379 676 quoque
395 591 502 676 lyricis
516 591 709 672 compositos
726 608 797 656 esse
813 597 945 667 constet,
960 598 991 655 et
1006 597 1131 674 poetam
1141 592 1259 674 juvan-

192 708 240 765 tes
260 716 319 763 nec
339 698 512 762 vincientes
538 697 709 773 musicum,
736 696 907 780 quoniam,
933 704 1012 762 teste
1033 699 1117 779 apud
1142 701 1264 763 Vincam

191 807 345 888 Longino,
361 804 534 888 'rhythmus
552 805 695 868 musicus
718 805 857 887 syllabas
872 803 1037 870 liberrime
1055 812 1168 870 tractat
1185 807 1262 871 lon-

192 929 310 996 gasque
333 912 367 975 ln
393 911 507 981 breves
536 911 631 975 vertit
654 917 686 974 et
712 914 747 979 ὡς
777 913 899 992 βούλιιιιι
920 912 1032 972 πλάττει
1055 911 1114 981 aab<
1134 912 1258 993 χρόνους,

191 1019 418 1103 quoniamque,
443 1018 477 1082 in
495 1016 551 1081 illa
569 1034 680 1096 grecae
701 1017 843 1093 musicae,
862 999 969 1097 judice
983 1017 1102 1081 ibidem
1125 1019 1259 1096 Vincam,

147 1180 153 1197 ,
191 1125 404 1206 simplicitate,
420 1125 563 1188 musicus
575 1125 733 1188 exsultare
746 1124 829 1187 ultra
845 1124 994 1188 metricas
1007 1125 1187 1189 carminum
1200 1125 1263 1190 da·-

188 1239 297 1296 torum
312 1246 481 1295 mensuras
495 1247 572 1293 saue
586 1246 651 1293 non
668 1228 892 1293 meditabatur.
914 1229 1016 1302 Quam
1033 1229 1137 1310 ipsam
1158 1248 1260 1312 prop·
1284 1267 1303 1291 ι-

189 1345 239 1404 ter
257 1336 493 1420 simplicitatem
507 1353 598 1417 paene
619 1337 742 1398 nudam
764 1343 857 1418 atque
879 1336 1131 1419 obsequentiam,
1149 1355 1262 1402 nonna

116 1492 120 1500 .
189 1444 411 1524 constareJam
426 1449 519 1508 autea
538 1460 750 1506 numerosum
767 1450 798 1506 et
814 1442 979 1506 delinitum
996 1442 1117 1524 aliquid
1133 1443 1167 1505 in
1186 1459 1257 1506 mee

187 1551 267 1615 trica
287 1551 410 1614 ratione
430 1550 531 1631 poetis
553 1536 709 1631 placuisse
731 1549 925 1613 censendum
940 1552 1008 1612 estt
1030 1551 1092 1613 Aut
1105 1566 1175 1631 quae
1195 1548 1260 1614 elia

165 1696 168 1705 ·
187 1658 249 1723 luit
262 1674 355 1722 causa
369 1663 473 1720 metra
487 1662 518 1720 et
533 1673 643 1719 versus
658 1654 854 1730 inveniendi,
870 1655 930 1718 nisi
947 1660 982 1718 ut
996 1655 1140 1737 rhythmi
1154 1655 1260 1735 quod-

187 1781 250 1846 que
263 1771 376 1847 g'enus,
393 1781 434 1827 ne
448 1762 580 1844 posthac
595 1763 628 1826 in
646 1761 693 1825 eis
714 1761 868 1841 eligendis
882 1770 1075 1843 vagarentur
1091 1768 1146 1826 aut
1163 1779 1258 1826 erra-

186 1878 270 1949 rent,
286 1872 320 1934 in
334 1871 473 1935 sormam
488 1870 637 1933 stabilem
648 1886 784 1951 qumque
798 1877 914 1949 praesto
932 1876 1016 1934 esset
1030 1870 1260 1950 redigeretur}t

186 1977 266 2043 Nam
281 1983 295 2038 a
309 1977 406 2060 ῥυθμὸς
421 1976 532 2038 aldus
547 1977 578 2036 τὸ
592 1977 689 2056 ’μέτρον
712 1975 850 2053 (Suidas,
875 1976 959 2057 apud
978 1976 1107 2041 hristid.
1130 1976 1257 2049 Quinti-

59 2109 62 2115 *
139 2086 168 2148 f
185 2083 288 2165 liam).
305 2083 462 2148 Praeterea
482 2082 568 2147 credi
593 2088 694 2162 potest
716 2081 756 2146 ab
771 2081 982 2158 illaGraecia,
1005 2100 1077 2165 quae
1100 2083 1256 2166 quidquid

186 2191 275 2255 omni
288 2209 307 2256 e
320 2189 476 2255 memoria
491 2190 652 2270 inceperat
672 2188 787 2265 dicere,
803 2207 917 2255 versus
935 2197 1015 2265 erat,
1035 2196 1146 2267 exutos
1159 2189 1257 2257 fuisse

190 2290 224 2362 in
235 2296 435 2361 solemnibus
444 2295 550 2360 choris
564 2312 687 2372 versus,
704 2313 745 2360 ne
754 2292 953 2359 Simonidem
968 2295 1097 2378 quidem
1114 2301 1145 2360 et
1158 2297 1266 2361 Stesi-'

184 2403 322 2468 chorum
338 2402 502 2483 scripsisse
517 2418 639 2477 versus,
660 2406 703 2477 et,
721 2418 806 2476 cum,
822 2406 986 2480 grassante
1000 2400 1107 2465 fabula
1120 2403 1254 2479 scenica,

187 2526 331 2592 personae
345 2525 457 2572 omnes
469 2507 616 2572 >versibus
630 2506 856 2573 decorarentur
865 2506 982 2589 illaque
1000 2512 1194 2588 augerentur
1209 2508 1257 2573 di·

188 2615 319 2696 gnitate,
339 2613 484 2689 chorum,
503 2620 576 2676 ante
590 2612 732 2676 tabulam
754 2613 932 2689 inventum,
950 2612 1185 2694 editbyrambo
1200 2631 1255 2680 sa-

189 2739 246 2786 cro
267 2729 386 2796 ortum,
410 2724 465 2784 aut
481 2718 521 2783 ad
539 2735 631 2799 paene
652 2718 790 2782 solutam
814 2718 953 2794 fluxisse,
975 2725 1033 2783 aut
1054 2719 1136 2784 nihil
1154 2720 1254 2795 aliud,

189 2846 287 2913 quam
301 2826 448 2914 solutam,
463 2843 606 2909 unquam
618 2825 715 2891 luisse
727 2822 919 2890 orationem}

230 2934 375 2999 Arbitror
396 2933 494 3013 igitur
520 2931 746 3013 rhythmorum
769 2930 950 3005 laxitatem,
967 2949 1068 3012 neque
1090 2932 1169 2999 satis
1193 2933 1255 2996 uti·

189 3037 254 3102 lem
271 3036 410 3101 futuram
438 3037 536 3101 luisse
561 3036 603 3098 ad
628 3035 806 3116 regendum
826 3043 970 3117 poetam,
1002 3055 1106 3120 neque
1131 3038 1255 3107 musico

191 3145 405 3211 necessariam
435 3145 550 3228 (quam
576 3144 602 3208 si
629 3152 810 3224 reposceret
834 3145 868 3208 in
897 3146 1009 3222 μέλεσι,
1041 3163 1099 3211 ιιι
1126 3163 1192 3211 ιιι
1220 3146 1255 3210 in

192 3259 298 3335 piapen
315 3269 452 3334 quoque,
467 3268 539 3334 quae
554 3252 665 3316 adesse
679 3253 714 3317 iu
731 3252 839 3319 choris
853 3253 1093 3335 Aristophaneis
1110 3262 1256 3327 constare

192 3361 256 3427 dixi
267 3363 314 3439 l);
327 3377 432 3442 neque
449 3359 527 3423 satis
540 3358 657 3426 Graece
672 3376 808 3440 poeseos
822 3359 969 3441 dignitati
982 3361 1258 3443 dominationique·

191 3475 435 3533 consentaneam
448 3484 456 3541 ;
473 3464 541 3530 sere
553 3466 755 3535 contermina·
765 3482 829 3532 non
842 3467 940 3531 luisse
952 3466 1078 3531 chorica
1092 3467 1253 3544 carmina,

192 3581 229 3642 ut
243 3572 399 3654 subjicere
413 3574 530 3639 Vincerat
540 3571 675 3648 videtur,
690 3571 882 3654 quibusdam
893 3572 979 3655 apud
992 3591 1052 3638 nos
1063 3575 1188 3657 psalmis
1201 3586 1257 3656 ap·

191 3680 331 3763 pellatis3
348 3679 435 3745 allud
450 3679 506 3743 illa
519 3678 620 3744 luisse
634 3695 730 3760 quarn
748 3681 930 3749 carminum
944 3681 1082 3760 speciem
1100 3679 1260 3762 aliquam,

191 3785 249 3855 ubi
263 3785 372 3860 verba,
382 3796 452 3851 ‘non
466 3776 553 3850 ultra
567 3784 728 3865 optionem
743 3783 836 3849 nobis
849 3785 983 3864 faciente
996 3787 1123 3856 vinnm
1135 3785 1258 3866 (coarat

190 3893 346 3963 ocrem.
360 3884 586 3971 punitatem,
600 3899 632 3972 p.
647 3891 708 3971 aa),
722 3896 779 3955 *aut
794 3891 1155 3974 eodem·‚=quuaumeri,
1171 3900 1254 3959 tem-

190 4017 267 4082 pure
281 3989 559 4079 componerentur,
576 3997 684 4060 autad
699 3998 866 4070 musicam,
886 4000 998 4080 utpote
1017 4000 1203 4079 magistram
1225 4008 1256 4064 et

189 4103 913 4186 dominamaccommodarentur,cujusoperis
922 4104 1257 4177 totamillceaordine
