2768 4746
610 337 769 394 ..34-

158 469 321 554 quesierit
330 471 455 534 tantum
469 467 594 532 erebus
604 466 784 549 studiisque
793 460 1016 548 praesentibus,
1033 467 1089 532 sed
1098 467 1144 532 eis
1155 468 1224 534 vim

158 579 322 661 propriam
335 596 352 642 e
368 586 402 642 sa
417 576 488 657 ipso
503 575 668 640 collectam
685 575 876 657 ingenioque
892 593 951 639 suo
964 593 1150 657 expressam
1162 576 1227 640 ,in-

157 683 287 749 fuderit.
304 683 373 747 Non
389 681 519 746 defuere
533 681 678 761 Athenis,
692 684 772 748 dum
786 681 854 764 ipse
870 681 1005 758 viveret,
1025 689 1145 763 poetae,
1166 685 1226 765 qui

157 789 279 869 priscos
292 805 398 852 mores
408 787 629 869 predicarent,
647 787 1083 869 recentesreprehenderent,
1098 791 1225 855 utilra-
1242 790 1245 794 ’

53 936 57 945 -
157 901 205 960 tes
219 895 251 959 in
266 896 383 971 aestro,
406 895 553 960 Cratinus
568 895 602 959 in
615 898 754 975 lapibus,
777 896 879 960 malos
895 901 988 973 nota,
1013 896 1114 962 bonos
1128 897 1226 962 laude

156 1003 365 1080 declararent,
384 1020 496 1084 pacem
511 1021 569 1085 pro
589 1003 690 1079 bello,
706 1002 942 1084 simplicitatem
954 1021 1013 1084 pro
1027 1003 1230 1085 corruptele,

158 1109 341 1191 AEsohylum
353 1129 411 1192 pro
419 1111 571 1192 Euripide
581 1111 738 1192 potiorem
746 1108 1105 1187 haberent-lemineum
1119 1128 1226 1190 genus

156 1209 314 1294 riderent,
335 1216 496 1281 Socratem
510 1216 808 1298 philosophantem,
826 1215 990 1280 Platonem
1007 1216 1227 1301 derepuhlica

156 1320 372 1386 somniantem
390 1318 576 1400 plecterent.
606 1319 676 1382 Non
697 1317 785 1381 solus
808 1318 1037 1400 Aristophanes
1057 1319 1227 1382 continuas

153 1427 226 1491 illas
239 1426 415 1491 verberum
424 1424 652 1488 translationes
663 1441 832 1505 corporeas
846 1423 920 1488 fecit
933 1432 964 1489 et
977 1442 995 1487 e
1009 1424 1117 1489 verbis
1126 1425 1225 1489 vertit

155 1535 189 1598 in
202 1533 273 1597 viva
288 1532 475 1608 simulacra;
492 1549 557 1595 non
573 1531 675 1601 solus,
694 1531 791 1608 Aves,
808 1530 947 1611 Vespas,
961 1531 1066 1595 llanas
1079 1533 1226 1597 oratioue

155 1639 558 1721 ornavit31lanasquoque,
571 1638 652 1701 Aves
662 1638 848 1720 dulicesque
858 1638 1004 1718 Magnes,
1014 1638 1134 1702 Bestias
1145 1640 1225 1720 lipi-

155 1746 321 1822 charmus,
338 1728 611 1825 (lapras'llupolis,
627 1743 732 1807 Pisces
749 1742 938 1824 Archippus.
966 1743 1113 1808 Humano
1130 1745 1225 1808 vultu

155 1852 260 1917 induit
274 1852 372 1932 Leges
386 1849 552 1926 Cratinus;
576 1850 729 1942 Populos,
757 1849 855 1914 Urbes
869 1850 1012 1930 Eupolis,
1039 1855 1075 1914 ut
1094 1851 1225 1915 Insulas

156 1958 394 2040 Aristophanes.
411 1959 480 2022 lmo
496 1959 530 2021 in
541 1958 612 2021 aliis
629 1958 746 2023 fabulis
764 1957 872 2022 anima
886 1958 1028 2038 praeditae
1043 1958 1139 2040 dapes
1153 1977 1226 2024 sese

46 2105 50 2110 -
96 2090 102 2103 ¹
156 2066 240 2130 ultro
249 2063 488 2140 ministrabant,
504 2064 567 2126 assi
581 2063 668 2126 turdi
685 2081 733 2140 os,
749 2072 913 2145 precantes
929 2071 964 2128 ut
978 2064 1227 2146 deglutinaren-

48 2261 51 2265 .
154 2179 225 2250 tur,
242 2171 532 2252 circumvolabant,
549 2169 795 2250 pendebantque
817 2170 986 2235 arboribus
999 2170 1126 2234 botuli¹.
1144 2171 1225 2235 dum

156 2276 1223 2363 supraaliosvideaturexcelluissebupolis,sdqdvteameetctnepdolls‚

157 2405 221 2451 non
232 2387 319 2451 solus
329 2404 433 2468 neque
445 2384 677 2449 audacissimus
685 2390 740 2449 aut
751 2383 969 2457 feracissimus
980 2383 1055 2448 talia
1063 2386 1225 2466 excogita-

155 2491 444 2572 uitAristophanes,
457 2490 545 2556 solus
554 2507 631 2555 vero
639 2490 782 2555 oratione
790 2490 1040 2572 exquisitissima
1050 2492 1223 2569 decoravit,

156 2607 187 2663 et
200 2599 267 2662 vim
281 2598 411 2674 Cratini,
432 2597 688 2681 elegantiamque
701 2598 883 2680 Eupolidis,
902 2599 985 2664 inter
998 2618 1074 2665 suos
1088 2601 1225 2683 aemulos

156 2691 349 2789 primorum,
366 2705 505 2790 miscuit.
1144 2692 1148 2696 ’

51 2802 54 2807 ’
196 2811 251 2876 Vis
267 2817 298 2876 et
314 2810 453 2875 suavitas
468 2810 568 2893 lyrica
592 2809 663 2886 (hoo
678 2811 765 2875 enim
787 2811 931 2892 primum
944 2813 1223 2892 animadvertam),

156 2925 192 2982 ut
207 2919 242 2982 in
256 2919 399 2983 carmine
412 2917 541 2999 proprie
555 2916 638 2981 dicto
652 2916 769 2999 lyrico,
798 2918 883 3001 quod
898 2919 1040 2995 canitur,
1066 2920 1221 2999 eminent,
1242 2995 1245 3001 ¹

104 3082 117 3097 ,
156 3027 200 3090 ita
219 3043 285 3090 non
300 3025 398 3106 hujus
412 3023 532 3087 finibus
547 3024 775 3102 terminantur,
792 3043 867 3105 nec,
893 3027 1091 3092 cessantibus
1107 3025 1179 3110 ly'ra
1191 3036 1225 3094 et

156 3140 266 3211 cantu,
284 3132 415 3196 omnino
430 3126 565 3195 cessant.
598 3131 704 3197 Multis
721 3133 817 3198 etiam
832 3133 866 3196 in
881 3134 953 3197 aliis
968 3137 1131 3200 comoediae
1145 3135 1224 3201 locis

158 3236 260 3304 nitent
279 3246 335 3303 aut
354 3238 479 3319 parcius
495 3243 551 3302 aut
575 3238 732 3305 liberius:
752 3258 839 3305 nunc
852 3259 957 3305 unum
969 3243 1104 3307 verbum
1118 3243 1239 3308 obiter,

158 3345 289 3412 llosculo
303 3346 457 3428 pingunt,
473 3362 560 3408 nuno
574 3347 667 3428 quasi
681 3348 769 3411 intus
784 3348 817 3410 in
834 3353 899 3411 tota
912 3348 1020 3412 fabula
1034 3351 1168 3432 spirant.
1185 3350 1224 3413 In

157 3455 313 3528 Nubibus,
338 3451 395 3515 ubi
416 3450 502 3514 aeria
516 3451 571 3514 illa
586 3459 617 3516 et
630 3444 721 3534 paerie
738 3453 847 3518 divina
861 3455 1032 3519 simulacra
1046 3458 1080 3520 in
1094 3474 1224 3521 scenam

157 3559 286 3640 delapsa
301 3563 386 3634 sunt,
402 3556 509 3621 nescio
525 3558 604 3638 quid
618 3559 768 3624 subtilius
783 3566 814 3624 et
828 3561 942 3626 elatius
957 3581 976 3627 a
989 3581 1083 3628 musa
1096 3565 1226 3630 aillatur

154 3664 202 3729 ‘vel
221 3665 366 3747 personis
380 3665 488 3730 minus
502 3665 625 3731 urbane
636 3665 818 3748 jocantibus
827 3670 852 3746 ¹3
872 3668 906 3733 in
916 3670 1003 3747 Poro,
1019 3672 1136 3737 ardeus
1148 3673 1226 3754 qui-

189 3929 211 3977 1.
229 3929 248 3974 E
258 3925 363 3977 Cratetis
371 3927 471 3990 Bestiis,
482 3928 638 3979 Pherecratis
647 3932 752 3996 Metuit,
763 3935 859 3996 Persis,
870 3934 1000 3986 Teleclidis
1010 3935 1224 4000 Amphictyon.-

155 4013 178 4060 2.
197 4008 351 4072 Strepsiades
369 4022 460 4074 nempe
482 4008 555 4073 dicit,
580 4024 637 4061 cum
655 4011 748 4073 locutae
767 4019 826 4063 sunt
848 4015 932 4066 Nubes
948 4031 954 4064 ε
970 4019 985 4074 ἠ
1001 4017 1068 4081 ψυχή
1084 4032 1133 4079 μου
1144 4016 1225 4066 usad-

153 4104 231 4145 τηται.
245 4090 273 4136 V.
288 4089 342 4138 319.
354 4115 384 4125 -
398 4091 426 4136 V.
439 4087 544 4150 exempli
558 4101 644 4154 causa,
661 4090 886 4149 ibid.,1005—1009.
