2768 4746
630 352 798 406 -sso-

186 502 281 551 suam
305 483 471 568 pollicetur
483 489 515 545 ot
528 485 676 544 ostentat.
691 481 771 560 Agat
788 479 886 543 homo
905 483 940 542 nt
958 478 1078 541 famam
1098 481 1140 552 at,
1160 477 1257 540 tames

164 590 371 656 ‚vellentem
388 587 436 652 vel
457 587 608 662 fructum,
631 585 792 667 epinicion
813 591 1037 668 consequatur,
1052 582 1165 670 appetas
1185 585 1258 662 apa-

184 700 279 781 χανίαν
304 698 374 780 ἔργῳ
396 693 525 773 populun
549 699 621 775 agat
640 701 749 757 autem
771 674 948 774 operosum
967 699 1000 756 et
1022 690 1139 755 durum
1163 689 1257 755 labo·
1311 751 1315 758 .

76 854 79 859 ,
113 850 116 855 .
185 823 271 881 rem,
291 803 323 863 τό
344 804 370 883 γ’
391 805 418 861 ἐν
442 803 508 882 ξυνῷ
528 800 712 879 πεποναμένον
737 791 812 862 εῧ’ἱ
838 799 883 862 sic
903 816 967 863 uno
991 799 1162 878 conjuncta
1182 796 1258 860 vin*

185 910 275 986 culo,
308 910 424 983 robur,
454 907 564 982 labor,
601 908 704 982 sama,
739 925 804 971 uno
839 908 936 971 etiam
968 906 1101 971 nornine
1127 901 1258 967 virtutis

185 1017 432 1098 conjunguntur.
1303 1010 1314 1021 ’

225 1125 290 1187 Hoc
312 1123 416 1189 docuit
440 1122 610 1197 Homerus,
637 1121 697 1185 hoc
722 1121 894 1198 Hesiodus,
922 1121 981 1184 hoc
994 1119 1173 1211 Pindarus,
1195 1117 1258 1181 hoc

186 1228 365 1309 AEschylns,
386 1228 445 1291 hoc
460 1227 556 1291 etiam
568 1227 730 1302 Socrates,
744 1227 811 1308 qui,
827 1244 900 1290 cum
915 1226 948 1288 in
963 1226 1106 1307 seipsum
1119 1224 1258 1289 descen-

187 1336 262 1398 dere
278 1335 442 1398 hominem
454 1332 594 1414 juberet,
617 1341 654 1397 ut
670 1351 688 1397 e
707 1351 741 1396 se
759 1333 948 1414 sapientiam
962 1338 1101 1408 erueret,
1117 1332 1188 1396 erui
1203 1347 1259 1394 vo-
1292 1340 1297 1345 ’

187 1439 247 1503 luit
268 1439 419 1503 virtutem
437 1439 539 1502 civilis
559 1439 645 1514 -vitae,
674 1437 714 1502 ad
738 1455 835 1522 quarn
859 1438 1062 1519 potissimum
1077 1434 1258 1500 'colendam
1343 1422 1346 1427 ’

187 1545 357 1610 constituta
369 1553 438 1609 erat
454 1554 540 1621 tunc,
556 1551 683 1622 natura,
702 1543 859 1620 moribus,
871 1543 1008 1625 legibus,
1018 1543 1186 1624 religione,
1202 1552 1259 1606 re·

186 1650 292 1732 gioms
308 1657 339 1714 et
360 1651 430 1714 coeli
451 1657 649 1732 tempestate,
674 1650 871 1714 humanitas.
899 1650 945 1713 Ad
969 1651 1029 1714 hoc
1046 1650 1131 1713 idem
1147 1646 1260 1712 omnia

187 1757 408 1838 Aristophanis
422 1758 566 1821 carmina
585 1758 781 1822 referuntur.
804 1757 933 1822 Publica
956 1758 1061 1839 potius
1075 1757 1151 1821 vitia
1167 1764 1261 1822 notat

188 1874 285 1947 uuam
300 1865 424 1946 privata
436 1870 596 1928 scrutatur
606 1883 613 1928 :
624 1882 712 1943 narn,
727 1883 824 1946 unam
841 1865 1012 1929 horremus
1023 1883 1152 1929 morum
1166 1863 1260 1929 foedi·

188 1978 297 2048 tatem,
314 1971 353 2034 ab
368 1989 406 2036 eo
421 1988 503 2053 saepe
515 1972 706 2048 lacessitam,
720 1989 757 2035 ea
771 1972 902 2036 Athenis
915 1989 980 2036 non
992 1971 1119 2048 latebat,
1135 1971 1192 2035 scd
1204 1973 1260 2036 in-

189 2078 285 2141 tamia
309 2078 556 2141 monstrabatur.
577 2077 705 2142 Occulta
725 2096 800 2143 vero
826 2084 856 2143 et
874 2080 970 2144 tacita
988 2079 1108 2161 flagitia
1128 2085 1260 2162 praeten-

188 2185 299 2261 nnittit;
322 2185 551 2267 sycophantam
567 2192 621 2250 aut
635 2185 806 2266 fugitivum
820 2188 934 2253 ducem
947 2189 1080 2270 arripit:
1095 2195 1165 2252 tum
1180 2190 1257 2277 vero

189 2289 243 2354 ille
258 2291 516 2354 nonimmeritus
1218 2281 1219 2284 ¹

535 2465 540 2476 .
550 2467 556 2480 .
567 2469 572 2480 .
582 2434 645 2480 nota
657 2431 798 2481 cantabitur
808 2413 883 2493 urbe3

190 2547 244 2615 sed
269 2548 325 2629 qui
346 2547 432 2610 domi
454 2548 566 2623 durus,
588 2549 723 2626 lerneus,
745 2551 894 2627 mendax,
917 2551 1048 2628 infidus,
1074 2569 1108 2616 se
1134 2570 1259 2636 suaque

190 2655 282 2718 unice
307 2672 428 2731 amans,
458 2656 585 2721 virtutis
609 2659 789 2733 simulator,
810 2665 842 2722 et
863 2665 976 2723 caetera
1000 2660 1167 2742 improbus
1191 2667 1256 2737 est,

190 2761 276 2825 hunc
297 2761 374 2824 sinit
393 2763 619 2844 Aristophanes
641 2782 754 2828 omnes
773 2765 891 2829 lallare.
909 2767 1053 2831 Virtutes
1075 2785 1150 2832 vero
1164 2785 1257 2852 quas,

189 2868 253 2930 nisi
267 2867 422 2949 publicas,
440 2869 613 2949 praedicata
630 2869 694 2934 Sua
707 2872 791 2945 aetati
806 2872 919 2954 cuique
933 2879 980 2938 est
995 2874 1107 2938 virtus.
1124 2875 1258 2940 Juvcnis

190 2984 240 3038 eat
254 2975 388 3055 peruias
400 2993 474 3038 cum
490 2977 596 3057 sociis,
609 2977 782 3043 citharoedo
793 2979 883 3057 duce,
899 2981 1023 3056 nudns;
1038 2981 1145 3046 nudus
1163 2983 1258 3048 saltet

190 3083 222 3144 in
239 3081 476 3158 Panathenaeis;
496 3083 604 3146 nudus
621 3085 654 3147 in
673 3070 868 3149 academiam
886 3086 1064 3165 descendat,
1083 3089 1259 3174 subsectis

190 3182 267 3251 oleis
286 3187 441 3264 decurrat,
460 3189 531 3253 albo
546 3190 666 3256 calamo
684 3194 864 3272 redimitus,
886 3197 1032 3262 redolens
1047 3199 1211 3263 smilacem
1227 3207 1259 3264 et

190 3292 362 3374 populum,

345 3438 404 3503 ἦρος
415 3441 440 3490 ἐν
454 3442 508 3507 ὥρᾳ
518 3443 620 3508 χαίρων,
632 3446 722 3496 ὁπόταν
734 3448 857 3506 πλάτανος
867 3451 956 3516 πτελέᾳ
969 3454 1099 3519 ψιθυρίζῃῧ.

168 3585 171 3594 ”
191 3569 248 3634 Vir
256 3571 380 3651 militet,
394 3574 524 3656 equitet,
534 3575 672 3657 naviget,
691 3586 769 3656 arat,
782 3581 876 3645 ducat
885 3561 983 3647 remis
994 3587 1164 3669 ampullas,
1183 3587 1266 3669 ala-¹

190 3677 370 3757 tro'callos;
387 3681 482 3746 feriat
495 3682 588 3746 miles
603 3683 710 3749 hostes
720 3684 836 3766 gladio,
851 3695 958 3754 orator
971 3691 1119 3757 inimicos
1133 3691 1257 3776 lingna,
1284 3753 1288 3759 .

187 3781 287 3864 juder
311 3784 476 3867 improbos
497 3788 673 3865 sententia;
696 3788 820 3856 fortiter
839 3794 941 3858 malos
968 3795 1076 3862 aculeo
1098 3794 1258 3880 vulneret,

172 3887 508 3992 'ssmfflmm'inffiug
527 3895 676 3970 emolliti,
697 3899 808 3975 ἄλκιμος
825 3899 877 3978 ’μὲν
896 3902 922 3961 ἓν
936 3897 1046 3984 14χνρνῑς,
1064 3898 1216 3987 ἅλκῑννςὲ
1229 3912 1259 3969 ’ἐν

160 4065 166 4086 ³
211 4065 337 4142 ‘isarna
352 4067 441 4159 epu,
454 4064 498 4158 ιν,
513 4100 543 4148 aa
558 4085 606 4157 (aa.
616 4101 718 4164 Bergk.)
732 4109 788 4154 -a
806 4103 842 4154 n.
855 4143 859 4167 ,
873 4066 988 4159 sas-a.
1005 4095 1033 4173 vj.
1046 4067 1258 4176 neo.„.osa,sjq.
