2768 4746
615 332 814 411 '-is..

183 464 185 468 ’
212 487 294 570 polis
308 487 361 552 ille
377 487 431 570 qui
445 487 534 551 solus
547 486 732 550 concionem
748 484 844 550 babet
856 485 890 549 in
905 485 992 562 loro,
1013 485 1102 550 solus
1117 502 1227 568 pacem
1243 487 1280 550 in

210 597 339 681 lagena,
365 594 453 659 solus
467 593 638 658 macellum
652 593 686 656 in
701 592 814 658 limine
832 592 966 666 domus,
981 593 1079 675 ,solus
1093 594 1280 659 convivium

211 705 245 766 in
259 702 372 778 domo;
398 708 452 765 aut
464 700 623 765 isiciarius
637 699 692 781 qui
711 699 764 762 vix
777 716 896 764 nomen
911 700 1079 782 proprium
1093 700 1189 765 habet
1199 749 1208 778 ,
1220 709 1281 765 aut
1371 782 1374 788 Ι

211 808 305 873 (lleon
319 807 387 890 qui,
405 825 438 870 se
452 807 561 888 ipsum
585 821 716 883 exuens,
736 822 864 886 semper
881 805 1055 869 coriarium
1079 805 1196 881 induit,
1220 795 1281 872 aut

210 915 364 996 Trygaeus
382 912 541 976 scarabaeo
552 929 613 992 per
626 911 746 974 aetbera
760 910 926 993 equitans,
949 917 1004 975 aut
1018 911 1158 992 Populus
1170 911 1279 976 isicia-

99 1092 103 1100 ,
210 1021 297 1084 rium
310 1021 394 1083 iuter
408 1026 440 1082 et
450 1018 621 1082 coriarium
629 1018 777 1098 jactatus,
794 1034 904 1098 qnam,
920 1017 1186 1098 pronominibus,
1203 1017 1280 1084 lictu

211 1125 381 1189 bominum
396 1124 569 1211 simulacra
584 1128 615 1186 et
628 1129 772 1186 monstra
787 1109 1014 1187 monstranda?
1034 1124 1186 1190 Homines
1200 1132 1280 1190 sunt

210 1247 284 1295 vere
295 1231 358 1296 vivi
368 1229 598 1306 lonamenses,
614 1229 655 1292 ad
666 1245 747 1311 quos
758 1229 897 1310 pertinet
909 1228 986 1292 belli
1001 1226 1076 1292 finis
1089 1246 1185 1311 quem
1201 1247 1281 1294 sen-

209 1338 308 1414 tieut;
336 1353 410 1401 vere
439 1336 575 1417 populus
589 1336 717 1417 Equites
742 1341 834 1411 sunt;
862 1352 937 1398 vere
964 1334 1127 1415 agricole,
1160 1335 1208 1400 illi
1220 1337 1279 1420 qui

210 1452 340 1528 propter
363 1459 458 1524 agros
475 1459 585 1525 pacem
604 1450 787 1525 precantur.
802 1443 884 1520 lmo,
907 1458 981 1506 cum
999 1443 1117 1506 chorus
1136 1444 1205 1524 ipse
1218 1443 1280 1508 fic-

209 1560 276 1616 tam
290 1554 348 1634 pro
363 1550 506 1615 bumana
523 1550 636 1615 faciem
649 1551 770 1628 induit,
793 1550 848 1614 illa
862 1556 961 1633 poetae
974 1551 1143 1615 consilium
1158 1551 1280 1615 melius

209 1652 410 1735 vividiusque
420 1651 636 1733 significatur:
652 1651 787 1716 nubium
804 1652 891 1715 enim
904 1653 1012 1732 imago
1027 1670 1045 1715 a
1059 1653 1279 1733 spectantibus

210 1759 301 1824 facile
314 1758 492 1840 concipitur
506 1766 537 1823 et
552 1759 731 1835 memoriae,
751 1757 958 1822 reticentibus
973 1761 1119 1840 personis
1134 1758 1278 1823 sublato·

210 1885 273 1950 que
287 1883 389 1930 scenae
405 1871 570 1947 apparatu,
587 1864 732 1929 haerebit.
759 1865 863 1928 Minus
877 1865 974 1928 etiam
987 1864 1035 1927 vis
1051 1864 1147 1928 babet
1161 1864 1202 1928 ad
1216 1882 1281 1928 no·

210 1970 323 2037 {andos
349 1988 456 2035 mores
476 1970 719 2035 Atheniensium
738 1970 919 2034 Philocleon
943 1972 1000 2053 qui
1025 1990 1042 2035 e
1067 1971 1193 2035 camino
1221 1977 1281 2060 aut

210 2078 368 2160 colliquiis
393 2077 556 2141 descendit
579 2092 691 2140 canem
713 2077 930 2157 judicaturus,
956 2094 1031 2140 mox
1054 2082 1223 2158 potaturus
1249 2084 1283 2144 et

210 2185 402 2261 saltaturus,
428 2200 524 2265 quarn
545 2182 690 2264 ipsorum
704 2183 945 2247 Atheniensium
961 2183 1095 2260 chorus,
1113 2183 1185 2267 qui,
1199 2201 1279 2248 ves-

212 2310 328 2375 parum
341 2292 491 2366 nomine,
517 2295 688 2371 antequam
703 2289 869 2365 diluxerit,
892 2289 1016 2354 baculis
1029 2291 1150 2366 innixi,
1171 2289 1280 2372 Phry·

212 2398 346 2463 niebum
358 2403 523 2488 canentes,
544 2396 579 2459 in
588 2395 802 2476 judiciorum,
824 2396 1099 2474 criminationum,
1116 2397 1279 2478 suspicio·

120 2560 121 2567 ,
212 2522 292 2569 num
315 2505 489 2584 aucupium
503 2507 589 2578 eunt,
605 2508 647 2581 et,
669 2520 744 2566 oum
766 2502 976 2584 desipientem
999 2509 1124 2584 patrem
1147 2503 1278 2584 sapiens
1343 2527 1347 2532 ¹

212 2609 299 2673 tilius
314 2610 346 2672 vi
362 2625 490 2672 servare
508 2607 685 2682 contendit,
708 2612 864 2671 testantur
879 2607 1043 2688 tyrannidi
1057 2625 1166 2686 senes,
1196 2628 1280 2692 pau-

212 2733 317 2798 peres,
341 2713 575 2795 rempublicam
593 2719 693 2777 totam
707 2714 831 2795 impeti,
857 2720 991 2794 etcum,
1013 2717 1070 2798 qui
1093 2716 1279 2797 judicaturo

131 2834 137 2848 ¹
213 2821 361 2898 obsistat,
384 2821 495 2902 patries
511 2819 723 2902 proditorem,
745 2820 780 2884 in
793 2819 928 2885 Thracia
945 2821 1051 2885 aerarii
1069 2823 1278 2904 expilatorem

211 2929 324 2994 luisse.
1176 2985 1183 2991 .

252 3035 353 3117 HuJus
364 3034 491 3116 imperii
501 3035 552 3098 sui
563 3034 721 3112 conscius,
733 3035 851 3099 chorus
863 3035 977 3116 accipit
987 3036 1117 3118 quidem
1131 3037 1165 3100 in
1178 3036 1279 3102 collo·

214 3140 350 3225 quendi,
377 3138 511 3205 canendi
536 3138 737 3221 saltandique
756 3145 880 3221 partem
902 3140 1096 3229 adventitias,
1111 3158 1279 3224 personas,

214 3263 294 3322 quas
307 3245 376 3327 ipse
388 3245 486 3308 etiam
497 3245 610 3309 tacitus
622 3244 676 3309 diu
687 3250 807 3326 spectat
817 3252 913 3328 atque
924 3247 1023 3324 audit,
1037 3247 1093 3310 sed
1110 3263 1279 3330 nunquam

215 3350 411 3416 obliviscitur
422 3365 456 3413 se
466 3349 511 3413 ibi
522 3350 693 3427 dominari,
706 3357 737 3414 et
750 3350 808 3414 has
822 3351 1039 3434 amplissimas
1051 3357 1189 3436 quatuor
1198 3369 1280 3417 cau·

214 3456 350 3521 tloorum
366 3456 465 3528 series
483 3473 563 3537 quas
582 3455 761 3538 AEsohylus,
774 3459 924 3520 Baccheos
937 3460 1104 3538 princepe,
1119 3458 1280 3540 gaudente

214 3561 362 3640 Baccho¹,
380 3561 577 3637 devolvebat,
593 3561 710 3643 saepius
727 3562 891 3626 continuat
903 3564 1074 3647 nectitque,
1086 3565 1211 3648 sibique
1222 3565 1279 3629 in·

215 3667 350 3748 dulgens
365 3685 435 3730 non
444 3683 573 3749 parcam
587 3665 725 3747 largitur
737 3666 872 3733 canendi
885 3667 1035 3749 copiam³.
1177 3651 1181 3657 ’

254 3775 328 3840 Non
340 3773 413 3838 ideo
431 3781 540 3838 tamen
560 3772 621 3835 sibi
637 3789 765 3854 semper
778 3780 920 3851 constat,
946 3775 1002 3840 sed
1015 3791 1144 3856 semper
1158 3782 1278 3857 poetae;

246 4036 267 4084 1.
279 4031 326 4082 Τὸν
339 4035 454 4097 βακχεῖον
467 4033 570 4096 ἄνακτα,
583 4032 660 4097 Rau„
677 4035 747 4086 1259.
758 4059 788 4070 -
799 4036 823 4084 2.
839 4032 917 4099 ibid,
931 4037 1053 4088 eta-³.
1067 4033 1144 4097 ibid,
1159 4037 1275 4099 croese,

142 4125 147 4136 ·
214 4113 284 4174 dyc,
299 4113 417 4175 tbi-³52,
433 4116 480 4160 etc.
538 4118 541 4122 “
932 4133 936 4139 ·
1070 4126 1073 4130 ·
