2768 4746
675 346 834 400 ..86-

138 495 142 502 ·
205 482 331 550 senum,
341 473 427 537 iliani
442 472 627 548 mulierum,
636 474 761 555 jocosas
770 474 987 538 cantiunculas
1000 492 1007 537 :
1021 470 1133 537 earum
1149 474 1276 538 etiamsi

208 582 347 646 minutos
374 579 547 644 versiculos
568 581 735 663 negaveris
755 597 774 643 a
795 586 888 662 poeta
909 579 1086 663 quondam,
1103 585 1138 644 ut
1153 596 1277 645 nunca

207 686 380 761 llindorfio,
391 686 811 767 esseseparatos,vocabulis
821 687 971 751 eumdem
981 687 1099 763 locum,
1113 686 1278 751 ubifacete

188 866 191 870 ,
207 792 300 873 positi
314 798 399 868 sunt,
413 792 608 869 tenentibus,
628 794 739 858 eadem
755 802 802 858 est
816 811 929 858 eorum
942 792 1091 870 tenuitas,
1107 793 1193 858 idern
1203 812 1279 858 acu·

186 894 294 974 men,
318 898 429 963 eadem
449 892 665 982 quorumdam
686 901 778 984 quasi
800 880 944 982 specula,
962 902 1073 966 eadem
1091 901 1179 965 verbi
1202 901 1274 962 οὕτω

208 993 312 1086 lepida
327 1005 461 1084 iteratio,
477 1006 602 1096 teloque
616 1006 659 1070 ibi
675 1006 831 1084 vibrante,
847 1007 1177 1090 numerorumaliqua
1191 1008 1279 1072 velut

187 1119 189 1123 '
209 1113 322 1190 statio,
347 1113 403 1177 ubi
423 1120 534 1179 voonet
552 1113 821 1179 tibiasooncordes
841 1114 1021 1179 substitisse
1040 1114 1279 1197 aliquantulum

209 1217 413 1295 crediderim,
429 1226 465 1281 ut
481 1219 645 1283 exsilirent
659 1225 770 1284 rursus
790 1227 821 1283 et
838 1219 878 1282 ad
895 1219 992 1282 finem
1010 1227 1189 1302 pergerent.
1206 1221 1277 1284 Non

210 1342 311 1402 secus,
327 1326 360 1388 in
376 1324 486 1389 eadem
498 1325 616 1401 sabula,
629 1325 825 1389 carminibus
835 1325 1063 1408 cantilenisquo
1078 1325 1276 1403 abundante,

211 1433 282 1499 due
300 1432 499 1496 narrationes
517 1441 567 1496 sat
590 1433 644 1496 diu
672 1449 730 1512 per
749 1430 920 1495 blanditias
942 1428 1095 1509 sinuosae,
1118 1450 1200 1514 quas
1222 1449 1282 1512 per

210 1546 340 1604 cantum
356 1537 526 1603 devolvunt
540 1538 680 1616 lemine,
695 1540 757 1616 bis,
774 1539 925 1603 desinunt
938 1557 975 1602 ex
990 1539 1163 1620 improviso
1178 1538 1211 1601 in
1227 1537 1283 1602 lu-

182 1640 184 1644 ’
212 1645 354 1711 dibrium
369 1647 563 1711 adstantium
579 1647 776 1723 senun1,bis,
786 1647 966 1712 ridentibus
975 1645 1115 1720 lerninis,
1125 1662 1178 1709 eos
1192 1644 1282 1708 bian-

211 1760 259 1819 tes
276 1753 473 1818 frustrantur
487 1756 508 1816 ¹.
532 1752 647 1817 Solerti
667 1754 767 1834 igitur
786 1772 997 1819 numerorum
1023 1751 1156 1817 artificio
1178 1752 1283 1833 magis

213 1879 309 1944 quam
329 1861 384 1924 illo
412 1862 656 1938 brandesbiriam,
682 1867 737 1926 aut
762 1863 899 1936 ebriaris,
921 1868 975 1924 aut
989 1860 1060 1940 plin
1080 1861 1158 1939 plin,
1180 1857 1281 1922 tacete

212 1975 321 2049 tamen
335 1985 456 2049 organa
465 1969 504 2032 ad
514 1968 725 2032 imitationem
736 1968 934 2043 sollicitante,
947 1973 1073 2050 poetam
1083 1965 1176 2030 credo
1190 1965 1283 2046 adiu·

188 2087 197 2110 ·-
214 2071 297 2136 visse
312 2077 343 2137 et
358 2073 480 2137 acuisse
498 2073 651 2151 carmina,
675 2077 762 2152 tanta
781 2073 894 2155 gratia
916 2079 1003 2136 tanta
1019 2073 1066 2135 vis
1087 2077 1135 2135 est
1160 2071 1194 2134 in
1218 2089 1283 2133 nu·

216 2178 324 2255 meris,
341 2172 497 2261 principio
513 2179 630 2243 scilicet
640 2184 671 2242 et
687 2179 774 2244 sonte
789 2178 931 2254 musicae,
942 2177 1032 2260 cujus
1042 2184 1190 2241 naturam
1202 2177 1288 2238 Aris-

214 2285 325 2351 toteles
350 2287 441 2362 dicit,
467 2287 567 2367 magis
593 2304 689 2369 quam
714 2287 889 2362 sermonis,
924 2286 963 2349 ad
992 2285 1184 2349 imitandum
1215 2301 1286 2347 esse

215 2394 362 2458 idoneam
378 2394 406 2456 ²!

660 2982 785 3067 obrui
807 2993 846 3063 ll.

680 3215 820 3271 'Conclusio
846 3205 850 3223 ⁸

200 3539 202 3542 >
261 3489 488 3571 Aristophanes
509 3504 573 3551 non
591 3487 696 3551 solum
718 3486 786 3567 ipse
810 3485 871 3550 luit
892 3485 1087 3566 optimorum
1108 3481 1294 3546 carminum

222 3596 388 3678 perfector,
401 3594 456 3659 sed
467 3593 594 3675 optimae
605 3610 735 3674 poeseos
747 3589 901 3673 exemplis
909 3595 1104 3661 monstrator
1118 3593 1295 3669 auctorque

222 3685 376 3774 consiliis,
395 3718 453 3767 nec
473 3701 592 3778 minus,
608 3699 696 3764 omni
717 3699 902 3763 fabularum
913 3697 1114 3762 institutione
1130 3701 1162 3760 et
1175 3694 1293 3776 lyrico·

258 3949 278 3997 1.
297 3947 367 4009 lys,
391 3947 449 4007 781,
471 3947 532 4006 805,
557 3946 760 4005 1043‚1188.-
782 3944 818 3993 Cl.
838 3942 898 3992 ibid.
922 3945 1114 4006 mmm-l.
1134 3941 1233 3990 Mollior
1255 3946 1292 4003 τῷ

224 4029 292 4089 urbes
311 4027 405 4089 ἀνάγκη
428 4028 552 4088 μιμεῖσθαι
574 4026 589 4082 ἢ
609 4030 658 4081 τοῖς
679 4025 779 4090 ῥήμασι.
801 4023 940 4086 Problem.‚
961 4021 1004 4071 lib.
1024 4024 1090 4077 xlx.
1119 4035 1173 4083 cap.
1201 4023 1237 4071 15.
1253 4020 1291 4082 sl.

225 4106 406 4169 apudnggar.)
430 4108 432 4111 '
721 4110 723 4114 ’
833 4128 836 4132 -
901 4127 914 4149 .·
1133 4114 1157 4142 uz
1181 4117 1184 4125 ·
