2768 4746
646 368 687 379 ..
706 337 745 394 aa
765 367 806 380 .-

539 467 582 519 {oi
592 467 639 532 γὰρ
652 466 706 516 τάδ’
720 466 747 529 ἐξ
760 467 835 530 ἀρχῆς
847 466 925 529 μέλει.

540 626 628 678 Τοιάδε
639 627 686 691 χρὴ
700 624 815 692 Χαρίτων

540 709 682 773 Δαμώματα
692 709 847 772 καλλικόμων

602 789 652 840 loe
667 787 742 853 copel
755 789 859 847 mensale

361 870 364 876 ’
419 871 531 935 Ὑμνεῑν,
546 871 604 920 ὅταν
613 870 686 939 ἠρινὰ
693 871 736 932 μὲν
748 869 816 939 φωνῇ
829 869 930 933 χελιδὼν

545 947 662 1012 Ἐζομένη
676 946 785 1011 κελαδῇ,
835 984 841 996 .
857 985 863 996 .
876 950 880 977 ¹

241 1094 423 1160 Gratiarum
443 1093 542 1174 igitur
556 1091 858 1157 observantissimus
878 1089 1118 1172 Aristophanes,
1137 1097 1269 1157 auctore

201 1201 390 1279 stesichoro,
417 1200 534 1281 gaudet
556 1200 697 1280 Minerva
714 1199 859 1282 ριλοχόρῳ,
886 1198 965 1261 Pace
983 1197 1124 1280 ριλιόριῳ,
1148 1197 1269 1262 Amore

201 1309 327 1386 florido,
353 1307 517 1390 Hymenaei
532 1307 654 1389 auriga,
669 1305 756 1370 lovis
770 1304 967 1387 lunonisque
981 1304 1126 1386 pronubo
1136 1307 1164 1382 ¹;
1178 1305 1272 1371 semia

201 1417 253 1480 nis
266 1433 383 1481 manus
398 1433 456 1497 per
470 1415 602 1479 choreas
614 1412 894 1488 consectantibus,
911 1411 1152 1495 pastoralesquc
1170 1412 1272 1476 invo÷

202 1507 348 1587 cantibus
362 1522 442 1585 Deos
453 1522 481 1597 l;
498 1519 687 1585 salientibus
699 1519 746 1584 ad
765 1519 878 1583 lunam
895 1519 1007 1600 myshs
1020 1515 1206 1600 Bacchotme
1216 1520 1273 1583 in-

202 1627 382 1693 dicantibus
410 1626 522 1693 leviter
556 1626 698 1690 hiantem
726 1624 841 1707 puellae
871 1626 1013 1691 tunicam
1031 1628 1063 1704 ⁴;
1090 1625 1274 1707 virginibus

203 1739 334 1817 propter
354 1735 523 1808 Eurotam,
547 1732 638 1796 Ledae
664 1731 731 1795 lilia
752 1731 849 1807 duce,
870 1730 1108 1797 effundentibus
1129 1749 1270 1807 comam;

203 1848 271 1906 tota
283 1842 410 1917 vitium,
425 1841 559 1916 ficuum,
572 1839 721 1921 stirpium
735 1838 825 1920 copia
841 1845 975 1919 receptae
988 1839 1059 1904 Paci
1073 1840 1235 1907 arridente
1246 1843 1269 1904 ⁸.

244 1949 307 2012 Has
321 1948 419 2029 igitur
432 1948 561 2012 delicias
579 1947 807 2028 Aristophanes
830 1953 978 2028 precatur
999 1965 1018 2011 a
1042 1948 1105 2011 iliis
1122 1965 1204 2030 ques
1220 1953 1272 2011 to·

204 2059 264 2122 ties
278 2059 403 2121 invocat
416 2061 447 2119 et
460 2055 563 2132 canit;
579 2054 639 2119 hoc
654 2055 758 2136 pingit
771 2054 875 2119 colore
888 2054 1072 2136 religiosam
1088 2055 1273 2126 carminum

206 2181 338 2228 suorum
353 2168 488 2244 partem.
504 2161 594 2225 Nunc
607 2167 713 2237 autem
728 2161 814 2225 aliud
829 2166 876 2225 est
887 2161 1067 2231 carminum
1080 2180 1183 2242 genus
1196 2161 1275 2229 huic

206 2270 536 2353 proximumsacrum
551 2286 689 2351 quoque.
703 2269 909 2351 Quocumque
922 2267 948 2331 it
959 2268 1097 2344 Graecus,
1113 2285 1203 2334 sacra
1217 2278 1275 2332 aut
1316 2268 1322 2272 ’

206 2404 265 2450 sua
276 2390 331 2448 aut
342 2400 424 2447 nova
437 2381 593 2458 instituit;
605 2398 806 2464 quocumque
819 2385 912 2461 poeta
926 2386 1033 2445 mente
1042 2378 1180 2461 rapitur,
1191 2379 1274 2465 Deos

206 2492 292 2556 videt
304 2496 336 2559 et
349 2489 477 2566 salutat,
492 2489 630 2554 comicus
644 2489 741 2553 etiam
754 2506 761 2552 :
775 2487 938 2563 comoedia
950 2486 999 2551 nil
1007 2486 1170 2568 religionis
1183 2485 1274 2551 clau-

207 2615 291 2675 sum,
310 2596 357 2662 ull
373 2595 462 2660 nelas
474 2595 559 2678 quod
572 2599 712 2676 retegat,
730 2595 817 2677 quod
829 2599 929 2661 tenet
942 2612 950 2658 :

206 2742 207 2746 Ἰ
300 2770 368 2828 Χάος
379 2771 410 2833 ἢν
421 2790 455 2822 κα
454 2772 524 2828 tuot
538 2769 639 2835 Ἔρεὸόι
655 2788 682 2822 τε
696 2772 769 2835 μέλαν
783 2776 880 2839 πρῶτον
894 2774 937 2822 καὶ
950 2772 1114 2841 Τάρταρος’
1090 2773 1177 2840 ευρΰς·

301 2855 335 2914 Γῆ
349 2853 371 2903 δ’
385 2853 486 2918 οὐδ’ἅήρ
501 2852 554 2903 οὐδ’
557 2851 689 2917 οὐρανὸς
674 2868 718 2914 ην
724 2888 1058 2903 ................

209 2991 325 3057 dehinc
338 3008 450 3056 rerum
462 2992 585 3056 semina
597 2993 725 3083 ereutii,
739 2998 849 3070 narrat
861 2967 1048 3082 primordia,
1067 2992 1275 3059 mundiaeta-

208 3105 256 3178 tes
270 3104 428 3163 numerat.
442 3079 576 3178 Coelum,
590 3077 722 3175 terram,
738 3099 858 3164 inferos
871 3100 1038 3191 spatiatur.
1054 3099 1205 3184 Sequitur
1217 3118 1277 3187 per

209 3204 311 3287 stygia
332 3210 444 3285 stagna
458 3222 572 3283 ranas,
593 3204 769 3286 palustrem
790 3205 869 3270 sont'
846 3212 929 3270 trum
950 3205 1104 3293 sobolem,
1118 3176 1276 3294 Bsschum

209 3308 269 3375 sub
284 3309 441 3374 arundine
454 3315 615 3386 canentes,
631 3311 905 3394 arundineamquc
916 3311 1029 3376 silvam
1042 3313 1119 3376 Pani
1133 3318 1164 3377 et
1177 3290 1278 3394 Apol-

142 3408 144 3414 ’
209 3414 268 3479 lini
282 3420 464 3492 servantes;
481 3417 626 3497 sequitur
639 3435 696 3499 per
712 3417 838 3483 interna
854 3419 970 3483 itinera
982 3425 1114 3502 mystas,
1128 3418 1276 3492 Cererem

210 3527 393 3604 recepturos
402 3522 633 3604 Bacchumque,
639 3524 799 3602 luciferam
811 3527 968 3604 orpiorosm
983 3506 1203 3588 nocturnorum
1212 3526 1279 3588 stal—

211 3631 293 3705 lom;
317 3629 463 3710 sequitur
481 3628 625 3694 lusciniae
643 3637 755 3697 cantus
774 3649 832 3713 per
851 3637 1000 3697 taxonum
1020 3620 1155 3708 comam,
1180 3631 1278 3696 oloris

212 3736 323 3801 modos
337 3754 395 3818 per
408 3735 520 3801 nubila
534 3736 695 3803 avolantes
710 3738 751 3802 ad
765 3738 953 3822 Olympum,
968 3740 1025 3825 ubi
1045 3742 1185 3804 Deorum
1199 3739 1280 3804 cho·

245 4011 266 4058 l.
284 4009 355 4072 Pac,
368 4013 413 4062 779
427 4023 480 4073 sqq.
496 4037 527 4045 —
538 4015 561 4061 ι.
575 4012 707 4071 Αν.,’1737
722 4025 775 4075 sqq.
790 4039 818 4049 -
831 4017 853 4062 3.
870 4011 965 4062 Theron.
976 4049 982 4079 ‚
995 4016 1050 4064 etl.
1061 4014 1123 4065 -ι,
1138 3968 1278 4076 hunalde.

212 4090 277 4137 -5.
291 4091 360 4151 Parc,
376 4093 429 4140 598.
442 4117 471 4124 —
485 4091 508 4138 6.
525 4092 585 4153 Aac,
600 4090 654 4139 693.
1269 4129 1271 4134 .
