2768 4746
644 356 815 411 .-58-

204 483 292 548 uliud
306 489 436 565 crepent
456 483 519 546 nisi
532 490 744 564 exspectatum
763 501 880 564 sponso
900 483 1106 565 voluptutem.
1133 485 1167 548 Si
1185 478 1272 567 συνν-

203 592 302 669 euim,
320 609 385 655 uon
400 592 617 673 frequentius,
633 591 688 667 sed
704 592 815 668 semel,
831 593 865 654 in
880 591 1111 673 Aristophaneo
1125 592 1275 674 carmine

202 698 281 762 ursit
299 715 409 774 amor,
436 703 522 762 totus
544 718 562 764 e
580 717 713 781 corpore
731 707 820 764 ortus
840 699 880 762 ad
894 717 1009 780 corpus
1022 699 1176 775 refertur,
1203 717 1272 764 uon

202 804 272 868 sine
285 804 363 868 flore
376 804 548 869 verborum
563 811 618 869 aut
631 807 710 888 igni,
726 806 782 871 sed
796 806 1003 871 obsu‘euitute
1016 805 1112 870 etiam
1126 814 1157 870 et
1170 807 1275 870 sordi-

200 910 262 974 bus
271 903 437 975 conditior.
456 911 607 983 Quid-ni?
622 914 711 977 Anus
720 918 751 977 et
762 912 870 995 puella
881 911 920 976 de
926 913 1045 993 juvene
1054 911 1271 989 contenduut;

201 1034 276 1080 mox
285 1035 366 1081 unus
376 1025 412 1081 ut
423 1017 578 1098 ajuveue,
588 1019 718 1098 juvenis
728 1025 764 1083 ut
773 1037 791 1082 a
799 1018 906 1100 puella
917 1025 1054 1097 ametur,
1066 1025 1159 1082 cautu
1172 1035 1274 1083 aemu·

200 1118 320 1185 lautur.
347 1121 465 1187 Neuter
477 1123 584 1187 neutri
598 1123 797 1203 impudicitia
810 1098 904 1198 cusu,
920 1129 1034 1187 neuter
1050 1122 1169 1204 lepore,
1184 1122 1272 1185 utin

201 1225 252 1289 his
267 1227 433 1291 versiculis
450 1247 457 1292 :
474 1246 556 1291 unus
570 1228 659 1309 prior
674 1227 714 1292 ud
725 1229 879 1310 juvenem
896 1247 904 1292 :

541 1392 620 1453 Δεῦρο
633 1389 663 1447 δὴ
672 1362 769 1453 ,Ιδεῦρο
783 1390 830 1447 δὴ,

541 1471 618 1519 Φίλον
630 1464 706 1533 ἐμδν,
720 1470 797 1534 δεῦρό
809 1486 853 1532 μοι

541 1708 613 1758 Πάνυ
627 1707 673 1772 γάρ
687 1724 721 1765 τις
734 1709 796 1774 ἔρως
808 1724 839 1771 με
853 1709 921 1758 δονεῖ

541 1787 623 1839 Τῶνδε
636 1794 684 1839 τῶν
699 1795 751 1840 σῶν
766 1787 921 1855 βοστρύχων.

539 1950 625 2011 Μὲθσς,
637 1949 753 2013 ἱκνοῦμαι
764 1951 798 2012 α’,
808 1951 894 2014 Ἔρως.
910 1985 916 1999 .
931 1987 937 1997 .

198 2105 280 2169 Tum
288 2105 417 2186 juvenis
433 2106 473 2169 ud
490 2106 630 2187 puellam
648 2128 654 2166 :

499 2348 503 2353 '
545 2289 624 2350 Δεῦρο
638 2286 680 2350 δὴ,
695 2286 768 2351 δεῦρο
781 2286 811 2343 δὴ

537 2366 587 2415 Καὶ
601 2363 631 2416 σύ
646 2382 689 2430 μοι
701 2366 874 2428 καταδραμοῦ-

539 2462 586 2496 -σα
598 2447 642 2505 τὴν
654 2446 728 2510 θύραν
743 2446 850 2501 ἄνοιξον.

538 2764 653 2828 Ἄνοιξον,
667 2765 780 2825 ἀσπάζου
795 2783 826 2830 με

334 2845 370 2896 Ὦ
382 2845 591 2910 χρυσοδαίδαλτον
605 2848 665 2912 ἐμδν
681 2847 791 2911 μεδημα,
805 2845 928 2912 Κύπριδος
939 2845 1023 2910 ἔρνος,

334 2926 441 2977 Μέλιττα
454 2927 571 2988 Μούσης,
585 2927 700 2991 Χαρίτων
715 2929 824 2991 θρέμμα,
837 2925 932 2991 Τρυφῆς
947 2929 1096 2992 πρόσωπον,

538 3005 656 3067 Ἀνοιξον,
670 3006 783 3064 ἀσπάζου
797 3010 849 3070 με’·

226 3211 250 3259 1.
268 3209 350 3275 uoce,
363 3213 409 3266 952
421 3226 474 3276 sqq.
490 3216 518 3263 ν.
532 3213 606 3279 uu,
627 3216 743 3268 901-911.
841 3239 843 3243 .
