2768 4746
494 401 502 411 ,
610 368 771 427 ..33-

158 499 264 564 solum
285 497 435 580 plurimis
459 499 576 580 gaudet
596 497 757 577 cantibus,
782 498 835 563 sed
859 498 954 563 etiam
972 500 1124 564 continua
1143 500 1226 564 serie

158 604 237 670 alios
259 622 298 668 ex
315 604 386 668 aliis
408 604 610 669 serentium:
629 604 700 668 idco
714 600 886 688 aliquando
901 605 1036 683 chorus,
1054 623 1160 688 neque
1172 624 1225 670 ca-

158 710 265 774 nendo
287 727 389 791 neque
412 727 446 774 se
468 709 625 774 movendo
647 710 769 788 lessus,
791 729 890 776 novos
911 728 1063 776 numeros
1077 717 1226 789 nectens,

157 832 239 881 novo
263 821 341 880 astu
358 816 563 880 inilammans
585 817 711 894 omnia,
730 835 788 898 par
805 818 945 900 strophae
966 824 998 883 et
1016 819 1227 900 antistrophae

157 935 234 1006 pare
248 924 348 989 altero
363 917 492 1007 s'aepius,
508 925 603 990 tertio
616 941 852 1008 nonnunquam
866 926 1010 1007 excipiet

195 1025 493 1112 Necnegaverimus
507 1031 651 1112 primum
666 1031 783 1113 lyram,
798 1032 921 1096 iambos
934 1031 1105 1116 aliquando
1123 1049 1226 1097 occu·

155 1143 295 1218 pantem,
315 1139 349 1201 in
363 1137 558 1202 carminibus
577 1139 674 1202 etiam
691 1138 759 1202 suis
774 1138 945 1221 aliquando
958 1139 1228 1221 sopitamcessare

156 1249 187 1307 et
203 1244 386 1321 subsidere;
401 1260 467 1309 non
481 1245 550 1309 sine
567 1262 674 1310 causa.
690 1244 802 1309 Ghoris
814 1247 944 1327 tragicis
958 1246 1044 1312 idem
1064 1246 1131 1310 iere
1146 1229 1225 1309 om-

156 1351 419 1433 nibusspiritus,
440 1349 590 1416 sublimis
609 1357 641 1415 et
661 1352 903 1435 grandiloquus,
924 1351 1009 1417 idem
1034 1353 1121 1417 color
1143 1353 1228 1417 lma-

156 1457 287 1538 ginibus
311 1457 502 1539 splendens,
530 1457 616 1522 idem
644 1459 877 1523 sententiarum
910 1465 1075 1523 contextus
1101 1474 1158 1524 seu
1182 1460 1228 1522 ad

156 1580 287 1628 omnem
317 1565 415 1630 vitem
446 1570 478 1630 et
504 1558 696 1646 sapientiam
727 1582 783 1630 seu
812 1565 853 1630 ad
881 1565 1077 1647 singularem
1108 1565 1229 1630 iabulae

156 1675 307 1737 eventum
325 1672 568 1754 pertinentium.
583 1672 730 1736 Comicus
751 1672 870 1737 chorus
888 1672 1054 1754 multiplex
1073 1679 1229 1737 etmuta·

156 1776 230 1841 bilis
251 1781 309 1854 est,
331 1777 441 1858 jocose
462 1795 520 1860 pro
544 1775 664 1842 severis
688 1784 834 1854 mutans,
861 1777 943 1842 leuia
967 1794 1027 1859 pro
1053 1777 1226 1858 metibus,

156 1882 342 1948 citatissima
361 1900 420 1964 pro
436 1884 597 1959 remissis,
615 1884 745 1948 comicae
761 1882 936 1948 conditioni
955 1900 1132 1964 congruus,
1155 1899 1229 1966 quae

87 2007 91 2015 ·
157 1995 205 2055 est
221 1991 376 2064 miscendi
390 1992 513 2068 omnia,
530 1991 659 2056 rldiculi
674 2008 786 2069 causa,
806 1997 837 2056 et
852 1989 1023 2068 contraria,
1038 1990 1124 2054 unde
1137 1990 1228 2056 risus

158 2095 313 2174 eliciatur,
340 2097 381 2160 ad
404 2097 613 2168 offensionem
637 2098 830 2179 opponendi.
850 2098 931 2162 llaec·
945 2098 1031 2162 inter
1054 2107 1229 2163 occurrunt
1269 2133 1270 2138 κ

158 2202 250 2285 plura
263 2220 336 2286 quae
350 2203 456 2286 lyram
470 2222 536 2268 non
552 2205 687 2269 excitant
702 2222 761 2271 nec
774 2203 814 2268 ab
828 2223 865 2270 ea
881 2223 915 2268 se
929 2201 1082 2269 sustineri
1088 2202 1224 2287 uolunt,

158 2310 214 2375 sed
230 2310 334 2392 ipsam
353 2310 386 2375 in
396 2312 485 2393 jocos
500 2311 677 2377 detrahere.
694 2313 852 2377 Praeterea
866 2309 1005 2393 tragicus
1021 2312 1154 2390 chorus,
1170 2311 1228 2376 diu

157 2419 416 2500 sepositus,2rite
442 2418 597 2483 solemnis
620 2419 727 2501 prodit
754 2421 793 2482 ad
819 2418 1054 2483 concludendas
1082 2429 1229 2501 quasque

157 2528 274 2592 sabulae
297 2532 423 2609 partes;
449 2529 589 2592 comicus
614 2534 720 2592 autem
743 2533 892 2611 occupata
910 2546 1004 2593 scena
1027 2529 1226 2606 dominatur,

158 2635 255 2698 homo
280 2634 364 2700 inter
395 2632 542 2698 homines
570 2641 728 2712 versatus,
758 2636 843 2700 inter
866 2634 1019 2700 ridiculos
1050 2635 1091 2699 ad
1121 2635 1228 2700 risum

158 2743 342 2821 promptus,
368 2740 452 2803 inter
475 2739 674 2804 altercantes
690 2740 730 2803 ad
752 2740 874 2819 rixam,
901 2738 997 2822 pedes
1020 2746 1097 2806 tunc
1122 2741 1229 2823 magis

157 2863 255 2931 quam
269 2845 387 2932 alatus,
409 2864 520 2928 eaque,
536 2846 576 2911 ub
591 2864 701 2910 rerum
717 2847 927 2924 occasionem,
945 2847 1092 2912 breviora
1109 2865 1228 2912 canens

157 2953 294 3029 cantica,
312 2953 346 3015 in
366 2952 486 3035 quibus
505 2952 587 3016 nihil
608 2937 840 3033 paene'vibrat,
858 2953 940 3016 nihil
961 2953 1080 3017 micat:
1104 2954 1171 3017 imo
1192 2954 1228 3017 in
1322 3018 1324 3024 ,

158 3059 304 3124 cantibus
334 3058 431 3123 etiam
453 3077 510 3140 per
534 3059 699 3140 stropham
721 3048 1018 3141 antistrophamque
1042 3058 1225 3140 dispositis,

157 3167 253 3248 etiam
273 3167 307 3230 in
325 3166 456 3248 hymnis
476 3173 508 3230 et
525 3166 739 3248 dithyrambis
756 3167 835 3248 lyrae
857 3165 1032 3244 domicilio,
1050 3182 1150 3247 pauca
1172 3166 1236 3229 in«

157 3272 286 3337 tardum
298 3271 403 3355 lyram
417 3279 543 3336 sonant.
564 3273 626 3337 Sed
645 3266 821 3352 ethorum,
844 3272 900 3336 ubi
920 3272 1002 3335 nihil
1021 3278 1124 3349 sonat,
1147 3271 1227 3337 bre-

157 3379 285 3443 viorum
324 3379 522 3443 canticorum
541 3379 752 3461 simplicitati
780 3387 812 3444 et
837 3376 984 3444 tenuitati
1011 3376 1121 3444 subest
1143 3371 1227 3443 levis

62 3562 64 3568 Α
157 3487 284 3551 aculeus
311 3491 343 3551 et
370 3488 647 3569 argutagratia¹3
674 3487 763 3552 etin
786 3485 857 3550 aliis
885 3485 1095 3563 carminibus,
1120 3485 1227 3551 satirae

157 3593 263 3676 potins
283 3611 381 3677 quam
394 3595 472 3677 lyrae
488 3595 640 3676 cognatis,
657 3586 725 3672 ubi,
736 3613 753 3658 e
763 3592 871 3659 fabula
881 3600 936 3659 ant
949 3593 1079 3659 aliunde
1093 3609 1227 3657 sumens

157 3719 238 3783 quos
253 3700 411 3783 discerpat
425 3708 524 3782 vates,
541 3719 606 3765 non
620 3703 654 3765 in
671 3701 810 3765 sublime
821 3699 902 3766 ferri
916 3701 1042 3782 cogitat,
1060 3700 1116 3764 sed
1130 3696 1227 3765 terrae
1296 3711 1298 3717 ’

157 3806 331 3889 adrepere,
361 3827 418 3873 nec
445 3809 485 3872 ad
511 3810 590 3872 Deos
619 3807 762 3872 evehitur
789 3810 965 3886 canendos,
995 3801 1050 3872 sed
1077 3806 1227 3890 homines

154 3912 335 3998 insequitur
351 3914 476 3997 flagelio
494 3915 674 3997 urgendos,
698 3917 786 3980 inest
803 3916 959 3980 acerrima
989 3914 1037 3980 vis
1052 3912 1181 3978 ridendi
1195 3920 1227 3978 et

188 4143 210 4191 t.
225 4142 332 4210 roem,
351 4147 474 4231 emmae
489 4147 535 4197 usi
548 4150 658 4209 sod-s.
676 4110 732 4208 eq..
747 4147 794 4197 oro
807 4157 873 4211 sqq.;
891 4146 1003 4210 choos,
1024 4147 1085 4198 1040
1096 4156 1162 4208 sqq..
1173 4147 1223 4192 ets.
