2768 4746
628 343 787 399 „26-

189 489 263 552 pars
285 471 384 535 altera
402 469 535 534 alteram
550 471 744 550 perageret¹.
760 467 888 531 Constat
900 472 1020 544 umen,
1035 467 1254 532 voluntatibus

189 576 491 659 aliquandodivisis,
507 574 606 640 dividi
621 581 745 650 cantus,
761 579 797 638 ut
809 568 1064 639 Acharnensium
1072 573 1162 638 chori
1169 574 1253 638 circa

188 683 429 763 uieaeopolim¹;
450 683 515 746 imo
538 680 637 745 dividi
655 681 792 746 chorum
812 698 878 745 non
890 681 1054 744 voluntate
1072 679 1179 744 solum
1198 679 1255 745 sed

189 806 316 870 genere,
334 793 436 864 aetate,
453 788 586 865 vestitu,
602 805 701 869 quam
716 770 757 852 ob
774 804 902 851 causam
918 785 1049 868 quidam
1064 803 1128 851 non
1148 803 1255 850 unum

190 913 259 960 esse
283 894 455 961 dissimiles
483 894 826 976 comprehendentem,
855 892 910 957 sed
934 893 1015 956 duos
1041 892 1256 968 nominatim,

190 1018 329 1083 quorum
343 1001 594 1084 unusquisquae
611 998 773 1064 similibus
791 1005 929 1076 constet,
947 997 1121 1062 affirmant.
1140 996 1260 1078 Ampla
1331 982 1334 987 ’

190 1107 266 1173 inde
288 1108 422 1172 materia
446 1108 589 1172 sahulem
614 1106 760 1171 variandi
786 1112 820 1170 et·
844 1105 946 1169 multa
971 1104 1169 1187 opponendi,
1193 1119 1260 1186 qna

124 1244 130 1252 ·
152 1269 167 1300 ‚
191 1214 360 1293 συστήματος
384 1231 503 1296 genere
520 1215 710 1278 comoediam
734 1213 852 1278 scimus
873 1213 1024 1294 gaudere.
1040 1212 1077 1276 In
1093 1213 1261 1290 ipsistroto

191 1338 307 1385 senum
326 1322 466 1403 strophe
489 1339 615 1402 semper
637 1320 808 1402 respondet
826 1319 1023 1385 laminarum
1044 1317 1258 1398 antistropha,

191 1428 323 1509 paribus
344 1429 476 1512 quidem
492 1428 649 1504 numeris,
673 1433 709 1492 ut
730 1426 905 1507 oportebat,
926 1425 1110 1508 disparibus
1132 1423 1259 1500 habitu,

191 1542 298 1615 gestm
313 1552 478 1613 sermone,
500 1541 536 1598 ut
549 1534 694 1610 decebat;
710 1532 785 1597 hinc
798 1532 896 1613 lignei
909 1532 1025 1608 fasces,
1041 1530 1130 1594 illinc
1146 1547 1260 1606 nrnae3

192 1641 268 1705 hinc
291 1642 468 1706 intentatus
490 1642 590 1722 ignis,
616 1641 704 1705 illine
731 1640 876 1704 defluens
899 1655 997 1720 equa;
1022 1637 1097 1700 hinc
1118 1635 1262 1700 mnvicia

192 1764 318 1824 senum,
332 1746 420 1812 illino
431 1747 625 1812 seminarum
639 1747 735 1823 risus,
750 1745 826 1808 hinc
837 1744 932 1822 tardi,
949 1743 1039 1808 illinc
1050 1743 1137 1807 leves
1148 1742 1260 1822 pedes.

192 1854 243 1919 Nil
264 1852 402 1934 lepidius
425 1854 612 1935 gratiusque
631 1852 671 1915 ad
694 1851 870 1916 videndum
894 1858 926 1915 et
946 1849 1141 1913 audiendum
1161 1867 1263 1931 quam
1293 1861 1297 1868 '

193 1958 248 2023 illa
259 1961 416 2023 concordio
426 1961 548 2036 decors,
561 1975 625 2039 qna
638 1965 764 2022 tantum
777 1955 926 2020 delectari
940 1961 1130 2036 spectatores
1142 1954 1264 2018 Aristo-

194 2063 315 2142 phanes
329 2069 430 2146 putat,
453 2071 489 2127 ut
508 2056 655 2127 in‘nulla
675 2062 784 2127 fabula
804 2063 920 2128 chorus
936 2060 1060 2126 tamdiu
1084 2060 1261 2139 saltaverit,

194 2169 354 2248 cecinerit,
372 2186 447 2235 voce
460 2175 492 2234 et
506 2187 604 2232 manu
620 2171 824 2250 pugnaverit.

234 2275 337 2340 Charo
358 2276 478 2340 accedit
498 2293 564 2340 non
586 2293 754 2357 nunquam
773 2275 855 2340 alius
871 2275 988 2339 chorus
1011 2273 1102 2355 quasi
1120 2271 1263 2347 advena,

195 2387 232 2446 ut
251 2384 416 2447 Musarum
435 2400 515 2464 quas
539 2383 661 2463 Agatho
687 2382 874 2464 tragoediam
898 2381 1016 2459 docet³,
1033 2386 1065 2444 et
1085 2380 1263 2456 Ranarum,

104 2480 108 2485 ’
194 2487 312 2553 fabulae
328 2484 424 2561 etiam
441 2489 536 2553 titulo
553 2489 800 2570 inscriptarum,
820 2506 893 2571 quaa
914 2505 953 2552 ex
970 2487 1036 2550 ima
1055 2485 1170 2568 palude
1187 2502 1264 2551 cre-

195 2601 308 2675 pantes
331 2611 396 2658 non
419 2603 618 2673 cernuntur,
648 2596 824 2660 audiuntur
855 2593 1087 2658 tantummodo.
1118 2591 1265 2674 Denique

195 2700 358 2779 peregrini
371 2699 422 2763 vel
435 2699 497 2764 duo
516 2700 605 2764 chori
627 2700 662 2762 in
680 2702 843 2778 lysistratus
868 2698 1034 2762 desinente
1047 2696 1180 2774 adsunt,
1206 2695 1265 2776 qui

180 2805 294 2887 -hujus
313 2805 430 2873 fabulae
455 2806 652 2872 conclusioni
665 2806 937 2887 elegantissimam
959 2821 1025 2885 prae
1039 2803 1161 2870 ceteris
1174 2820 1266 2885 pom·

197 2925 272 2989 pam
290 2910 491 2988 addiderunt,
511 2928 585 2976 cum
603 2929 642 2974 ex
662 2929 727 2985 una
741 2916 830 2994 parte
854 2892 1064 2974 Athenienses
1079 2908 1180 2973 Attico
1199 2907 1268 2972 da·

197 3013 290 3093 leoto,
301 3031 342 3090 aa
354 3014 456 3080 altera
473 3014 620 3095 Spartani
633 3015 745 3086 Dorico
762 3031 871 3096 pacem
886 3016 1030 3096 Deosque
1047 3012 1266 3105 quique-suos

94 3147 98 3154 ·
198 3114 379 3193 celebrant,
396 3115 470 3208 data
491 3118 580 3183 varia
599 3117 686 3181 vario
706 3135 854 3183 sermone
880 3116 1151 3198 audiendicopia.
1225 3177 1228 3190 2

238 3221 332 3302 [lopia
350 3221 447 3286 etiam
467 3241 583 3306 magna
596 3225 758 3290 varietatis
778 3227 874 3289 est-in
891 3224 1069 3290 saltatione.
1092 3224 1266 3290 Saltetione

180 3328 389 3392 comoediam
419 3346 528 3394 carere
549 3331 657 3410 nelos,
691 3339 801 3414 utpote
828 3338 937 3409 natam
967 3350 985 3395 e
1008 3339 1119 3397 cantus
1149 3347 1266 3412 genere

199 3434 359 3530 saltationi
385 3437 657 3519 conjunctissimo.
686 3438 803 3505 Graecis
838 3438 961 3504 saltatio
989 3439 1078 3502 omni
1108 3437 1267 3502 memoria

134 3614 137 3625 ,
201 3540 408 3607 usitatissima
428 3544 533 3609 luerat
546 3546 581 3608 in
596 3544 803 3628 diversasque
817 3552 964 3626 separata
978 3545 1114 3626 species,
1130 3543 1267 3608 diversis

200 3644 296 3711 rebus
309 3648 558 3734 animorumque
576 3650 792 3717 voluntatibus
806 3656 912 3732 aptas,
930 3651 1065 3716 diversis
1078 3650 1268 3722 nominibus
1293 3667 1296 3675 ·

200 3752 386 3834 appellatas.
399 3754 562 3821 saltabant
582 3759 618 3821 in
639 3759 775 3840 Olympo
790 3759 850 3835 Dii,
866 3759 899 3822 in
917 3758 999 3824 mari
1011 3757 1193 3840 Nymphaea
1204 3756 1268 3825 hor

235 4017 256 4066 1.
274 4018 302 4064 v.
316 4019 456 4081 Hermann,
469 4018 552 4080 lietu,
567 4030 592 4082 p.
607 4001 660 4070 tt'l.
673 4020 759 4070 varies
769 4019 927 4081 conjecturas
939 4018 990 4069 dat.
1005 4041 1036 4059 ι·-
1049 4022 1073 4069 t.
1085 4015 1164 4090 doh,
1179 4016 1268 4068 556.-

201 4095 229 4148 ³t
243 4093 402 4160 lhanmplt„
420 4099 461 4150 lul
474 4111 529 4162 sqq.
539 4100 598 4150 -h
611 4101 697 4162 does„
712 4101 773 4161 2193
785 4096 863 4162 Nola,
877 4101 921 4150 am
1021 4127 1023 4130 <
1039 4112 1045 4121 “
1097 4127 1100 4131 ⁴
