<?xml version="1.0" encoding="UTF-8"?>
<!DOCTYPE html PUBLIC "-//W3C//DTD XHTML 1.0 Transitional//EN"
    "http://www.w3.org/TR/xhtml1/DTD/xhtml1-transitional.dtd">
<html xmlns="http://www.w3.org/1999/xhtml" xml:lang="en" lang="en">
 <head>
  <title>
</title>
<meta http-equiv="Content-Type" content="text/html;charset=utf-8" />
  <meta name='ocr-system' content='tesseract 3.04.00' />
  <meta name='ocr-capabilities' content='ocr_page ocr_carea ocr_par ocr_line ocrx_word'/>
</head>
<body>
  <div class='ocr_page' id='page_1' title='image "./dechoroetcarmin00marcgoog_0065.png"; bbox 0 0 2768 4746; ppageno 0'>
   <div class='ocr_carea' id='block_1_1' title="bbox 174 353 1370 2050">
    <p class='ocr_par' dir='ltr' id='par_1_1' title="bbox 174 353 1370 2050">
     <span class='ocr_line' id='line_1_1' title="bbox 660 353 821 410; baseline 0.006 -14"><span class='ocrx_word' id='word_1_1' title='bbox 660 381 701 396; x_wconf 87' lang='lat'>...</span> <span class='ocrx_word' id='word_1_2' title='bbox 722 353 760 410; x_wconf 76' lang='lat'>50</span> <span class='ocrx_word' id='word_1_3' title='bbox 781 383 821 397; x_wconf 72' lang='lat'>.-</span> 
     </span>
     <span class='ocr_line' id='line_1_2' title="bbox 208 479 1275 567; baseline -0.005 -17"><span class='ocrx_word' id='word_1_4' title='bbox 208 485 334 567; x_wconf 88' lang='lat' dir='ltr'>phaneo</span> <span class='ocrx_word' id='word_1_5' title='bbox 356 481 524 547; x_wconf 83' lang='lat' dir='ltr'>emicuerit</span> <span class='ocrx_word' id='word_1_6' title='bbox 545 486 668 546; x_wconf 86' lang='lat' dir='ltr'>cantus.</span> <span class='ocrx_word' id='word_1_7' title='bbox 693 479 784 562; x_wconf 82' lang='lat' dir='ltr'>hpud</span> <span class='ocrx_word' id='word_1_8' title='bbox 805 497 879 546; x_wconf 92' lang='lat' dir='ltr'>eum</span> <span class='ocrx_word' id='word_1_9' title='bbox 907 497 1047 560; x_wconf 84' lang='lat' dir='ltr'><strong>semper,</strong></span> <span class='ocrx_word' id='word_1_10' title='bbox 1069 480 1167 546; x_wconf 87' lang='lat' dir='ltr'>etiam</span> <span class='ocrx_word' id='word_1_11' title='bbox 1191 482 1275 547; x_wconf 88' lang='lat' dir='ltr'>cives</span> 
     </span>
     <span class='ocr_line' id='line_1_3' title="bbox 207 586 1274 670; baseline -0.003 -16"><span class='ocrx_word' id='word_1_12' title='bbox 207 608 284 658; x_wconf 89' lang='lat' dir='ltr'>suos</span> <span class='ocrx_word' id='word_1_13' title='bbox 295 590 527 670; x_wconf 77' lang='lat' dir='ltr'>increpantem,</span> <span class='ocrx_word' id='word_1_14' title='bbox 551 587 691 669; x_wconf 88' lang='lat' dir='ltr'>patrium</span> <span class='ocrx_word' id='word_1_15' title='bbox 704 586 825 670; x_wconf 88' lang='lat' dir='ltr'>aliquid</span> <span class='ocrx_word' id='word_1_16' title='bbox 841 594 934 651; x_wconf 88' lang='lat' dir='ltr'>sonat</span> <span class='ocrx_word' id='word_1_17' title='bbox 941 593 973 652; x_wconf 91' lang='lat' dir='ltr'>et</span> <span class='ocrx_word' id='word_1_18' title='bbox 982 587 1167 654; x_wconf 89' lang='lat' dir='ltr'>masculum</span> <span class='ocrx_word' id='word_1_19' title='bbox 1177 589 1274 669; x_wconf 86' lang='lat' dir='ltr'>riget.</span> 
     </span>
     <span class='ocr_line' id='line_1_4' title="bbox 207 691 1278 776; baseline -0.001 -18"><span class='ocrx_word' id='word_1_20' title='bbox 207 692 316 774; x_wconf 85' lang='lat' dir='ltr'>Neque</span> <span class='ocrx_word' id='word_1_21' title='bbox 329 691 383 755; x_wconf 90' lang='lat' dir='ltr'>ille</span> <span class='ocrx_word' id='word_1_22' title='bbox 397 699 504 756; x_wconf 89' lang='lat' dir='ltr'>tamen</span> <span class='ocrx_word' id='word_1_23' title='bbox 519 693 662 768; x_wconf 87' lang='lat' dir='ltr'>armatis,</span> <span class='ocrx_word' id='word_1_24' title='bbox 678 697 714 758; x_wconf 92' lang='lat' dir='ltr'>ut</span> <span class='ocrx_word' id='word_1_25' title='bbox 735 692 890 774; x_wconf 80' lang='lat' dir='ltr'>Tyrtaeus,</span> <span class='ocrx_word' id='word_1_26' title='bbox 905 693 1023 757; x_wconf 91' lang='lat' dir='ltr'>accinit</span> <span class='ocrx_word' id='word_1_27' title='bbox 1036 700 1068 757; x_wconf 92' lang='lat' dir='ltr'>et</span> <span class='ocrx_word' id='word_1_28' title='bbox 1090 711 1278 776; x_wconf 90' lang='lat' dir='ltr'>propugna-</span> 
     </span>
     <span class='ocr_line' id='line_1_5' title="bbox 209 798 1278 882; baseline 0.002 -19"><span class='ocrx_word' id='word_1_29' title='bbox 209 798 303 869; x_wconf 83' lang='lat' dir='ltr'>toris,</span> <span class='ocrx_word' id='word_1_30' title='bbox 325 815 384 862; x_wconf 89' lang='lat' dir='ltr'>nec</span> <span class='ocrx_word' id='word_1_31' title='bbox 407 798 544 880; x_wconf 91' lang='lat' dir='ltr'>epicum,</span> <span class='ocrx_word' id='word_1_32' title='bbox 562 798 692 862; x_wconf 86' lang='lat' dir='ltr'>Homeri</span> <span class='ocrx_word' id='word_1_33' title='bbox 712 798 825 874; x_wconf 91' lang='lat' dir='ltr'>instar,</span> <span class='ocrx_word' id='word_1_34' title='bbox 853 804 954 864; x_wconf 89' lang='lat' dir='ltr'>tentat</span> <span class='ocrx_word' id='word_1_35' title='bbox 975 799 1163 882; x_wconf 89' lang='lat' dir='ltr'>quidquam,</span> <span class='ocrx_word' id='word_1_36' title='bbox 1188 801 1278 882; x_wconf 92' lang='lat' dir='ltr'>quod</span> 
     </span>
     <span class='ocr_line' id='line_1_6' title="bbox 174 902 1276 986; baseline 0.003 -19"><span class='ocrx_word' id='word_1_37' title='bbox 174 970 176 975; x_wconf 67' lang='grc'>,</span> <span class='ocrx_word' id='word_1_38' title='bbox 208 903 343 967; x_wconf 89' lang='lat' dir='ltr'>sustinet</span> <span class='ocrx_word' id='word_1_39' title='bbox 356 902 530 983; x_wconf 80' lang='lat' dir='ltr'>attollitque</span> <span class='ocrx_word' id='word_1_40' title='bbox 542 908 630 967; x_wconf 88' lang='lat' dir='ltr'>tanta</span> <span class='ocrx_word' id='word_1_41' title='bbox 642 902 893 984; x_wconf 88' lang='lat' dir='ltr'>aggredientem.</span> <span class='ocrx_word' id='word_1_42' title='bbox 908 903 996 973; x_wconf 83' lang='lat' dir='ltr'>Inter</span> <span class='ocrx_word' id='word_1_43' title='bbox 1011 902 1104 973; x_wconf 85' lang='lat' dir='ltr'>ludos</span> <span class='ocrx_word' id='word_1_44' title='bbox 1128 905 1276 986; x_wconf 74' lang='lat' dir='ltr'>elimes,</span> 
     </span>
     <span class='ocr_line' id='line_1_7' title="bbox 207 1008 1276 1092; baseline 0.002 -19"><span class='ocrx_word' id='word_1_45' title='bbox 207 1009 324 1073; x_wconf 84' lang='lat' dir='ltr'>lasciva</span> <span class='ocrx_word' id='word_1_46' title='bbox 350 1009 433 1073; x_wconf 88' lang='lat' dir='ltr'>inter</span> <span class='ocrx_word' id='word_1_47' title='bbox 459 1017 490 1074; x_wconf 91' lang='lat' dir='ltr'>et</span> <span class='ocrx_word' id='word_1_48' title='bbox 514 1008 672 1088; x_wconf 84' lang='lat' dir='ltr'>scurrilia,</span> <span class='ocrx_word' id='word_1_49' title='bbox 690 1027 756 1073; x_wconf 92' lang='lat' dir='ltr'>non</span> <span class='ocrx_word' id='word_1_50' title='bbox 771 1009 837 1074; x_wconf 91' lang='lat' dir='ltr'>acie</span> <span class='ocrx_word' id='word_1_51' title='bbox 851 1010 1018 1087; x_wconf 88' lang='lat' dir='ltr'>instructa,</span> <span class='ocrx_word' id='word_1_52' title='bbox 1039 1009 1095 1081; x_wconf 90' lang='lat' dir='ltr'>sed</span> <span class='ocrx_word' id='word_1_53' title='bbox 1111 1016 1276 1092; x_wconf 89' lang='lat' dir='ltr'>compota·</span> 
     </span>
     <span class='ocr_line' id='line_1_8' title="bbox 205 1113 1278 1196; baseline 0.001 -15"><span class='ocrx_word' id='word_1_54' title='bbox 205 1115 303 1192; x_wconf 88' lang='lat' dir='ltr'>tione,</span> <span class='ocrx_word' id='word_1_55' title='bbox 319 1133 384 1187; x_wconf 92' lang='lat' dir='ltr'>non</span> <span class='ocrx_word' id='word_1_56' title='bbox 399 1114 518 1180; x_wconf 86' lang='lat' dir='ltr'>dextris</span> <span class='ocrx_word' id='word_1_57' title='bbox 532 1115 573 1178; x_wconf 95' lang='lat' dir='ltr'>ad</span> <span class='ocrx_word' id='word_1_58' title='bbox 586 1113 732 1190; x_wconf 87' lang='lat' dir='ltr'>vulnera,</span> <span class='ocrx_word' id='word_1_59' title='bbox 748 1114 805 1178; x_wconf 93' lang='lat' dir='ltr'>sed</span> <span class='ocrx_word' id='word_1_60' title='bbox 824 1113 957 1196; x_wconf 92' lang='lat' dir='ltr'>pedibus</span> <span class='ocrx_word' id='word_1_61' title='bbox 973 1115 1013 1179; x_wconf 91' lang='lat' dir='ltr'>ad</span> <span class='ocrx_word' id='word_1_62' title='bbox 1031 1115 1149 1181; x_wconf 89' lang='lat' dir='ltr'>saltum</span> <span class='ocrx_word' id='word_1_63' title='bbox 1159 1134 1278 1182; x_wconf 82' lang='lat' dir='ltr'>arrec-</span> 
     </span>
     <span class='ocr_line' id='line_1_9' title="bbox 188 1220 1277 1312; baseline 0.001 -26"><span class='ocrx_word' id='word_1_64' title='bbox 188 1224 257 1312; x_wconf 78' lang='lat' dir='ltr'>tis,</span> <span class='ocrx_word' id='word_1_65' title='bbox 274 1239 339 1286; x_wconf 94' lang='lat' dir='ltr'>non</span> <span class='ocrx_word' id='word_1_66' title='bbox 349 1221 434 1303; x_wconf 94' lang='lat' dir='ltr'>apud</span> <span class='ocrx_word' id='word_1_67' title='bbox 445 1221 653 1298; x_wconf 88' lang='lat' dir='ltr'>Martem,sed</span> <span class='ocrx_word' id='word_1_68' title='bbox 666 1220 823 1284; x_wconf 87' lang='lat' dir='ltr'>Bacchum</span> <span class='ocrx_word' id='word_1_69' title='bbox 839 1221 1009 1303; x_wconf 85' lang='lat' dir='ltr'>spirantes,</span> <span class='ocrx_word' id='word_1_70' title='bbox 1024 1240 1110 1287; x_wconf 93' lang='lat' dir='ltr'>nunc</span> <span class='ocrx_word' id='word_1_71' title='bbox 1121 1223 1277 1297; x_wconf 88' lang='lat' dir='ltr'>oratorio,</span> 
     </span>
     <span class='ocr_line' id='line_1_10' title="bbox 207 1327 1280 1412; baseline 0 -18"><span class='ocrx_word' id='word_1_72' title='bbox 207 1347 293 1395; x_wconf 88' lang='lat' dir='ltr'>nunc</span> <span class='ocrx_word' id='word_1_73' title='bbox 309 1329 408 1412; x_wconf 84' lang='lat' dir='ltr'>lyrico</span> <span class='ocrx_word' id='word_1_74' title='bbox 434 1328 542 1407; x_wconf 93' lang='lat' dir='ltr'>modo,</span> <span class='ocrx_word' id='word_1_75' title='bbox 558 1346 596 1393; x_wconf 90' lang='lat' dir='ltr'>ea</span> <span class='ocrx_word' id='word_1_76' title='bbox 618 1327 724 1392; x_wconf 89' lang='lat' dir='ltr'>tundit</span> <span class='ocrx_word' id='word_1_77' title='bbox 747 1345 803 1392; x_wconf 87' lang='lat' dir='ltr'>ore</span> <span class='ocrx_word' id='word_1_78' title='bbox 818 1328 937 1410; x_wconf 92' lang='lat' dir='ltr'>quibus</span> <span class='ocrx_word' id='word_1_79' title='bbox 953 1328 1112 1392; x_wconf 86' lang='lat' dir='ltr'>exsultant</span> <span class='ocrx_word' id='word_1_80' title='bbox 1123 1329 1235 1393; x_wconf 88' lang='lat' dir='ltr'>animi</span> <span class='ocrx_word' id='word_1_81' title='bbox 1245 1337 1280 1394; x_wconf 90' lang='lat' dir='ltr'>et</span> 
     </span>
     <span class='ocr_line' id='line_1_11' title="bbox 205 1417 1277 1519; baseline -0.004 -16"><span class='ocrx_word' id='word_1_82' title='bbox 205 1442 332 1519; x_wconf 84' lang='lat' dir='ltr'>pectora</span> <span class='ocrx_word' id='word_1_83' title='bbox 354 1422 477 1501; x_wconf 84' lang='lat' dir='ltr'>ardent.</span> <span class='ocrx_word' id='word_1_84' title='bbox 498 1435 580 1499; x_wconf 86' lang='lat' dir='ltr'>Audi</span> <span class='ocrx_word' id='word_1_85' title='bbox 605 1435 825 1515; x_wconf 83' lang='lat' dir='ltr'>indignantem</span> <span class='ocrx_word' id='word_1_86' title='bbox 852 1436 938 1516; x_wconf 91' lang='lat' dir='ltr'>quod</span> <span class='ocrx_word' id='word_1_87' title='bbox 965 1436 1052 1517; x_wconf 92' lang='lat' dir='ltr'>apud</span> <span class='ocrx_word' id='word_1_88' title='bbox 1074 1417 1277 1518; x_wconf 79' lang='lat' dir='ltr'>clepsydram</span> 
     </span>
     <span class='ocr_line' id='line_1_12' title="bbox 206 1542 1279 1623; baseline 0 -17"><span class='ocrx_word' id='word_1_89' title='bbox 206 1549 267 1608; x_wconf 90' lang='lat' dir='ltr'>stet</span> <span class='ocrx_word' id='word_1_90' title='bbox 280 1561 367 1619; x_wconf 90' lang='lat' dir='ltr'>reus,</span> <span class='ocrx_word' id='word_1_91' title='bbox 382 1543 535 1608; x_wconf 89' lang='lat' dir='ltr'>illudente</span> <span class='ocrx_word' id='word_1_92' title='bbox 546 1542 674 1623; x_wconf 87' lang='lat' dir='ltr'>juvene,</span> <span class='ocrx_word' id='word_1_93' title='bbox 699 1559 798 1605; x_wconf 90' lang='lat' dir='ltr'>canus</span> <span class='ocrx_word' id='word_1_94' title='bbox 823 1550 921 1617; x_wconf 84' lang='lat' dir='ltr'>nunc,</span> <span class='ocrx_word' id='word_1_95' title='bbox 937 1542 992 1623; x_wconf 91' lang='lat' dir='ltr'>qui</span> <span class='ocrx_word' id='word_1_96' title='bbox 1018 1543 1097 1606; x_wconf 92' lang='lat' dir='ltr'>olim</span> <span class='ocrx_word' id='word_1_97' title='bbox 1119 1543 1153 1606; x_wconf 93' lang='lat' dir='ltr'>in</span> <span class='ocrx_word' id='word_1_98' title='bbox 1171 1544 1279 1607; x_wconf 90' lang='lat' dir='ltr'>Mara-</span> 
     </span>
     <span class='ocr_line' id='line_1_13' title="bbox 204 1650 1279 1729; baseline -0.002 -15"><span class='ocrx_word' id='word_1_99' title='bbox 204 1652 303 1714; x_wconf 89' lang='lat' dir='ltr'>thone</span> <span class='ocrx_word' id='word_1_100' title='bbox 317 1653 449 1712; x_wconf 82' lang='lat' dir='ltr'>culidem</span> <span class='ocrx_word' id='word_1_101' title='bbox 460 1652 636 1726; x_wconf 78' lang='lat' dir='ltr'>virilemque</span> <span class='ocrx_word' id='word_1_102' title='bbox 649 1652 814 1711; x_wconf 82' lang='lat' dir='ltr'>absterserit</span> <span class='ocrx_word' id='word_1_103' title='bbox 828 1650 968 1711; x_wconf 81' lang='lat' dir='ltr'>sudorem</span> <span class='ocrx_word' id='word_1_104' title='bbox 987 1652 1118 1712; x_wconf 84' lang='lat' dir='ltr'>muitum</span> <span class='ocrx_word' id='word_1_105' title='bbox 1128 1652 1150 1729; x_wconf 88' lang='lat'>¹,</span> <span class='ocrx_word' id='word_1_106' title='bbox 1165 1656 1232 1726; x_wconf 90' lang='lat' dir='ltr'>aut,</span> <span class='ocrx_word' id='word_1_107' title='bbox 1248 1654 1279 1712; x_wconf 86' lang='lat' dir='ltr'>si</span> 
     </span>
     <span class='ocr_line' id='line_1_14' title="bbox 203 1757 1278 1835; baseline 0.001 -17"><span class='ocrx_word' id='word_1_108' title='bbox 203 1760 279 1834; x_wconf 83' lang='lat' dir='ltr'>forte</span> <span class='ocrx_word' id='word_1_109' title='bbox 306 1757 449 1831; x_wconf 85' lang='lat' dir='ltr'>ceciderit,</span> <span class='ocrx_word' id='word_1_110' title='bbox 459 1757 623 1834; x_wconf 83' lang='lat' dir='ltr'>pulverem,</span> <span class='ocrx_word' id='word_1_111' title='bbox 650 1775 679 1818; x_wconf 87' lang='lat' dir='ltr'>se</span> <span class='ocrx_word' id='word_1_112' title='bbox 705 1758 827 1835; x_wconf 83' lang='lat' dir='ltr'>lapsum</span> <span class='ocrx_word' id='word_1_113' title='bbox 850 1776 962 1835; x_wconf 80' lang='lat' dir='ltr'>nepotas</span> <span class='ocrx_word' id='word_1_114' title='bbox 971 1760 993 1833; x_wconf 90' lang='lat'>¹,</span> <span class='ocrx_word' id='word_1_115' title='bbox 1015 1764 1045 1821; x_wconf 88' lang='lat' dir='ltr'>et</span> <span class='ocrx_word' id='word_1_116' title='bbox 1066 1760 1148 1819; x_wconf 86' lang='lat' dir='ltr'>irem</span> <span class='ocrx_word' id='word_1_117' title='bbox 1176 1776 1278 1821; x_wconf 85' lang='lat' dir='ltr'>uorem</span> 
     </span>
     <span class='ocr_line' id='line_1_15' title="bbox 204 1846 1370 1945; baseline 0 -21"><span class='ocrx_word' id='word_1_118' title='bbox 204 1864 314 1939; x_wconf 82' lang='lat' dir='ltr'>bibens,</span> <span class='ocrx_word' id='word_1_119' title='bbox 330 1865 415 1924; x_wconf 83' lang='lat' dir='ltr'>labro</span> <span class='ocrx_word' id='word_1_120' title='bbox 428 1846 630 1938; x_wconf 77' lang='lat' dir='ltr'>momorderit,</span> <span class='ocrx_word' id='word_1_121' title='bbox 646 1864 696 1923; x_wconf 88' lang='lat' dir='ltr'>cir</span> <span class='ocrx_word' id='word_1_122' title='bbox 711 1865 779 1924; x_wconf 90' lang='lat' dir='ltr'>oiro</span> <span class='ocrx_word' id='word_1_123' title='bbox 797 1862 939 1938; x_wconf 70' lang='lat' dir='ltr'>hereret,</span> <span class='ocrx_word' id='word_1_124' title='bbox 952 1868 988 1926; x_wconf 90' lang='lat' dir='ltr'>ut</span> <span class='ocrx_word' id='word_1_125' title='bbox 1002 1862 1057 1926; x_wconf 89' lang='lat' dir='ltr'>ille</span> <span class='ocrx_word' id='word_1_126' title='bbox 1078 1850 1195 1945; x_wconf 76' lang='lat' dir='ltr'>Tyrtaei</span> <span class='ocrx_word' id='word_1_127' title='bbox 1210 1861 1279 1926; x_wconf 91' lang='lat' dir='ltr'>bel·</span> <span class='ocrx_word' id='word_1_128' title='bbox 1365 1862 1370 1869; x_wconf 84' lang='lat'>&#39;</span> 
     </span>
     <span class='ocr_line' id='line_1_16' title="bbox 202 1965 1276 2050; baseline 0.002 -22"><span class='ocrx_word' id='word_1_129' title='bbox 202 1965 297 2031; x_wconf 87' lang='lat' dir='ltr'>lator.</span> <span class='ocrx_word' id='word_1_130' title='bbox 314 1966 395 2030; x_wconf 82' lang='lat' dir='ltr'>Audi</span> <span class='ocrx_word' id='word_1_131' title='bbox 412 1984 527 2031; x_wconf 85' lang='lat' dir='ltr'>rursus</span> <span class='ocrx_word' id='word_1_132' title='bbox 554 1966 731 2031; x_wconf 89' lang='lat' dir='ltr'>elicientem</span> <span class='ocrx_word' id='word_1_133' title='bbox 755 1967 911 2045; x_wconf 88' lang='lat' dir='ltr'>hostibus,</span> <span class='ocrx_word' id='word_1_134' title='bbox 935 1968 1119 2050; x_wconf 85' lang='lat' dir='ltr'>Neptunum</span> <span class='ocrx_word' id='word_1_135' title='bbox 1138 1969 1276 2044; x_wconf 89' lang='lat' dir='ltr'>testatis,</span> 
     </span>
    </p>
   </div>
   <div class='ocr_carea' id='block_1_2' title="bbox 201 2071 1279 2259">
    <p class='ocr_par' dir='ltr' id='par_1_2' title="bbox 201 2071 1279 2259">
     <span class='ocr_line' id='line_1_17' title="bbox 203 2071 1279 2169; baseline 0 -33"><span class='ocrx_word' id='word_1_136' title='bbox 203 2071 386 2136; x_wconf 87' lang='lat' dir='ltr'>cedentium</span> <span class='ocrx_word' id='word_1_137' title='bbox 401 2071 634 2169; x_wconf 87' lang='lat' dir='ltr'>consessionem</span> <span class='ocrx_word' id='word_1_138' title='bbox 649 2078 680 2135; x_wconf 89' lang='lat' dir='ltr'>et</span> <span class='ocrx_word' id='word_1_139' title='bbox 691 2073 848 2151; x_wconf 84' lang='lat' dir='ltr'>gemitum</span> <span class='ocrx_word' id='word_1_140' title='bbox 864 2075 887 2136; x_wconf 82' lang='grc'>·.</span> <span class='ocrx_word' id='word_1_141' title='bbox 907 2073 988 2136; x_wconf 82' lang='lat' dir='ltr'>Audi</span> <span class='ocrx_word' id='word_1_142' title='bbox 1011 2079 1194 2154; x_wconf 89' lang='lat' dir='ltr'>precantem</span> <span class='ocrx_word' id='word_1_143' title='bbox 1216 2089 1279 2152; x_wconf 88' lang='lat' dir='ltr'>pa·</span> 
     </span>
     <span class='ocr_line' id='line_1_18' title="bbox 201 2176 1278 2259; baseline -0.002 -18"><span class='ocrx_word' id='word_1_144' title='bbox 201 2177 286 2241; x_wconf 79' lang='lat' dir='ltr'>taius</span> <span class='ocrx_word' id='word_1_145' title='bbox 300 2177 464 2259; x_wconf 90' lang='lat' dir='ltr'>Neptunus</span> <span class='ocrx_word' id='word_1_146' title='bbox 479 2176 561 2240; x_wconf 90' lang='lat' dir='ltr'>adsit</span> <span class='ocrx_word' id='word_1_147' title='bbox 573 2178 759 2248; x_wconf 77' lang='lat' dir='ltr'>amuletiorri</span> <span class='ocrx_word' id='word_1_148' title='bbox 765 2179 914 2256; x_wconf 82' lang='lat' dir='ltr'>juvenum</span> <span class='ocrx_word' id='word_1_149' title='bbox 926 2181 961 2248; x_wconf 85' lang='lat' dir='ltr'>io</span> <span class='ocrx_word' id='word_1_150' title='bbox 970 2180 1111 2240; x_wconf 83' lang='lat' dir='ltr'>curribus</span> <span class='ocrx_word' id='word_1_151' title='bbox 1122 2180 1278 2256; x_wconf 84' lang='lat' dir='ltr'>splendere-</span> 
     </span>
    </p>
   </div>
   <div class='ocr_carea' id='block_1_3' title="bbox 102 2282 1278 2378">
    <p class='ocr_par' dir='ltr' id='par_1_3' title="bbox 102 2282 1278 2378">
     <span class='ocr_line' id='line_1_19' title="bbox 102 2282 1278 2378; baseline 0 -33"><span class='ocrx_word' id='word_1_152' title='bbox 102 2362 110 2378; x_wconf 42' lang='lat'><strong>·</strong></span> <span class='ocrx_word' id='word_1_153' title='bbox 202 2287 291 2361; x_wconf 84' lang='lat' dir='ltr'>tium,</span> <span class='ocrx_word' id='word_1_154' title='bbox 306 2284 356 2348; x_wconf 88' lang='lat' dir='ltr'>vel</span> <span class='ocrx_word' id='word_1_155' title='bbox 371 2283 453 2347; x_wconf 92' lang='lat' dir='ltr'>adsit</span> <span class='ocrx_word' id='word_1_156' title='bbox 466 2284 605 2346; x_wconf 87' lang='lat' dir='ltr'>Minerva</span> <span class='ocrx_word' id='word_1_157' title='bbox 619 2284 791 2347; x_wconf 87' lang='lat' dir='ltr'>Victoriam</span> <span class='ocrx_word' id='word_1_158' title='bbox 806 2283 967 2359; x_wconf 85' lang='lat' dir='ltr'>adducens</span> <span class='ocrx_word' id='word_1_159' title='bbox 987 2284 1060 2348; x_wconf 88' lang='lat' dir='ltr'>urbi</span> <span class='ocrx_word' id='word_1_160' title='bbox 1083 2282 1278 2346; x_wconf 74' lang='lat' dir='ltr'>somtirsimce</span> 
     </span>
    </p>
   </div>
   <div class='ocr_carea' id='block_1_4' title="bbox 182 2389 1364 3859">
    <p class='ocr_par' dir='ltr' id='par_1_4' title="bbox 182 2389 1364 3859">
     <span class='ocr_line' id='line_1_20' title="bbox 203 2389 1279 2473; baseline 0.001 -21"><span class='ocrx_word' id='word_1_161' title='bbox 203 2395 341 2454; x_wconf 80' lang='lat' dir='ltr'>omnium</span> <span class='ocrx_word' id='word_1_162' title='bbox 360 2393 484 2469; x_wconf 83' lang='lat' dir='ltr'>belloque</span> <span class='ocrx_word' id='word_1_163' title='bbox 499 2401 525 2452; x_wconf 90' lang='lat' dir='ltr'>et</span> <span class='ocrx_word' id='word_1_164' title='bbox 537 2393 630 2468; x_wconf 84' lang='lat' dir='ltr'>poetis</span> <span class='ocrx_word' id='word_1_165' title='bbox 649 2393 895 2453; x_wconf 71' lang='lat' dir='ltr'>eccellentissimo</span> <span class='ocrx_word' id='word_1_166' title='bbox 910 2392 930 2454; x_wconf 73' lang='lat'>⁵.</span> <span class='ocrx_word' id='word_1_167' title='bbox 953 2391 1062 2473; x_wconf 90' lang='lat' dir='ltr'>Neque</span> <span class='ocrx_word' id='word_1_168' title='bbox 1082 2391 1127 2454; x_wconf 92' lang='lat' dir='ltr'>sic</span> <span class='ocrx_word' id='word_1_169' title='bbox 1151 2389 1279 2454; x_wconf 91' lang='lat' dir='ltr'>laudari</span> 
     </span>
     <span class='ocr_line' id='line_1_21' title="bbox 182 2495 1279 2579; baseline -0.001 -19"><span class='ocrx_word' id='word_1_170' title='bbox 182 2502 184 2506; x_wconf 84' lang='lat'>&#39;</span> <span class='ocrx_word' id='word_1_171' title='bbox 203 2498 243 2560; x_wconf 91' lang='lat' dir='ltr'>ab</span> <span class='ocrx_word' id='word_1_172' title='bbox 261 2515 298 2560; x_wconf 93' lang='lat' dir='ltr'>eo</span> <span class='ocrx_word' id='word_1_173' title='bbox 313 2515 388 2560; x_wconf 92' lang='lat' dir='ltr'>sane</span> <span class='ocrx_word' id='word_1_174' title='bbox 398 2496 750 2577; x_wconf 83' lang='lat' dir='ltr'>pigebaththenienses,</span> <span class='ocrx_word' id='word_1_175' title='bbox 767 2514 872 2579; x_wconf 92' lang='lat' dir='ltr'>neque</span> <span class='ocrx_word' id='word_1_176' title='bbox 886 2496 927 2560; x_wconf 91' lang='lat' dir='ltr'>ab</span> <span class='ocrx_word' id='word_1_177' title='bbox 943 2497 1069 2560; x_wconf 86' lang='lat' dir='ltr'>aemulis</span> <span class='ocrx_word' id='word_1_178' title='bbox 1084 2504 1115 2560; x_wconf 92' lang='lat' dir='ltr'>et</span> <span class='ocrx_word' id='word_1_179' title='bbox 1129 2495 1279 2560; x_wconf 91' lang='lat' dir='ltr'>hostibus</span> 
     </span>
     <span class='ocr_line' id='line_1_22' title="bbox 203 2603 1280 2686; baseline 0 -20"><span class='ocrx_word' id='word_1_180' title='bbox 203 2605 378 2668; x_wconf 88' lang='lat' dir='ltr'>Laconibus</span> <span class='ocrx_word' id='word_1_181' title='bbox 394 2621 464 2667; x_wconf 90' lang='lat' dir='ltr'>sese</span> <span class='ocrx_word' id='word_1_182' title='bbox 489 2603 576 2684; x_wconf 91' lang='lat' dir='ltr'>ipsos</span> <span class='ocrx_word' id='word_1_183' title='bbox 599 2603 821 2678; x_wconf 77' lang='lat' dir='ltr'>laudantibus:</span> <span class='ocrx_word' id='word_1_184' title='bbox 852 2621 956 2686; x_wconf 90' lang='lat' dir='ltr'>neque</span> <span class='ocrx_word' id='word_1_185' title='bbox 982 2604 1129 2686; x_wconf 89' lang='lat' dir='ltr'>imperite</span> <span class='ocrx_word' id='word_1_186' title='bbox 1154 2603 1280 2667; x_wconf 82' lang='lat' dir='ltr'>Aristo-</span> 
     </span>
     <span class='ocr_line' id='line_1_23' title="bbox 203 2709 1364 2792; baseline -0.001 -19"><span class='ocrx_word' id='word_1_187' title='bbox 203 2711 339 2792; x_wconf 88' lang='lat' dir='ltr'>phanes,</span> <span class='ocrx_word' id='word_1_188' title='bbox 355 2727 434 2791; x_wconf 90' lang='lat' dir='ltr'>quos</span> <span class='ocrx_word' id='word_1_189' title='bbox 447 2710 487 2773; x_wconf 91' lang='lat' dir='ltr'>ad</span> <span class='ocrx_word' id='word_1_190' title='bbox 511 2709 715 2773; x_wconf 90' lang='lat' dir='ltr'>sanciendam</span> <span class='ocrx_word' id='word_1_191' title='bbox 740 2727 851 2789; x_wconf 91' lang='lat' dir='ltr'>paoem</span> <span class='ocrx_word' id='word_1_192' title='bbox 870 2710 1062 2792; x_wconf 90' lang='lat' dir='ltr'>compellere</span> <span class='ocrx_word' id='word_1_193' title='bbox 1080 2710 1277 2786; x_wconf 87' lang='lat' dir='ltr'>instituerat,</span> <span class='ocrx_word' id='word_1_194' title='bbox 1361 2761 1364 2765; x_wconf 93' lang='lat'>.</span> 
     </span>
     <span class='ocr_line' id='line_1_24' title="bbox 203 2815 1279 2896; baseline -0.002 -14"><span class='ocrx_word' id='word_1_195' title='bbox 203 2816 424 2882; x_wconf 91' lang='lat' dir='ltr'>communium</span> <span class='ocrx_word' id='word_1_196' title='bbox 459 2815 593 2880; x_wconf 90' lang='lat' dir='ltr'>laudum</span> <span class='ocrx_word' id='word_1_197' title='bbox 619 2815 747 2880; x_wconf 82' lang='lat' dir='ltr'>vinculo</span> <span class='ocrx_word' id='word_1_198' title='bbox 767 2815 836 2896; x_wconf 84' lang='lat' dir='ltr'>jam</span> <span class='ocrx_word' id='word_1_199' title='bbox 853 2817 1064 2892; x_wconf 84' lang='lat' dir='ltr'>consociabat,</span> <span class='ocrx_word' id='word_1_200' title='bbox 1091 2817 1279 2888; x_wconf 90' lang='lat' dir='ltr'>Marathone</span> 
     </span>
     <span class='ocr_line' id='line_1_25' title="bbox 204 2922 1279 3006; baseline -0.004 -18"><span class='ocrx_word' id='word_1_201' title='bbox 204 2924 357 2988; x_wconf 91' lang='lat' dir='ltr'>decorans</span> <span class='ocrx_word' id='word_1_202' title='bbox 370 2923 589 2999; x_wconf 78' lang='lat' dir='ltr'>Athenienses,</span> <span class='ocrx_word' id='word_1_203' title='bbox 601 2924 738 2987; x_wconf 88' lang='lat' dir='ltr'>Laconas</span> <span class='ocrx_word' id='word_1_204' title='bbox 762 2929 870 2988; x_wconf 90' lang='lat' dir='ltr'>autem</span> <span class='ocrx_word' id='word_1_205' title='bbox 891 2922 1113 3006; x_wconf 82' lang='lat' dir='ltr'>Thermopylis</span> <span class='ocrx_word' id='word_1_206' title='bbox 1127 2923 1184 2988; x_wconf 90' lang='lat' dir='ltr'>ubi</span> <span class='ocrx_word' id='word_1_207' title='bbox 1209 2933 1279 2986; x_wconf 81' lang='lat' dir='ltr'>tore·</span> 
     </span>
     <span class='ocr_line' id='line_1_26' title="bbox 204 3029 1276 3110; baseline 0.001 -19"><span class='ocrx_word' id='word_1_208' title='bbox 204 3048 298 3108; x_wconf 85' lang='lat' dir='ltr'>quom</span> <span class='ocrx_word' id='word_1_209' title='bbox 312 3032 384 3108; x_wconf 83' lang='lat' dir='ltr'>apri</span> <span class='ocrx_word' id='word_1_210' title='bbox 406 3040 584 3092; x_wconf 82' lang='lat' dir='ltr'>meruerant</span> <span class='ocrx_word' id='word_1_211' title='bbox 605 3029 730 3104; x_wconf 85' lang='lat' dir='ltr'>dentem,</span> <span class='ocrx_word' id='word_1_212' title='bbox 749 3030 914 3105; x_wconf 72' lang='lat' dir='ltr'>florescente</span> <span class='ocrx_word' id='word_1_213' title='bbox 935 3032 1017 3094; x_wconf 85' lang='lat' dir='ltr'>circo</span> <span class='ocrx_word' id='word_1_214' title='bbox 1039 3049 1095 3097; x_wconf 89' lang='lat' dir='ltr'>oro</span> <span class='ocrx_word' id='word_1_215' title='bbox 1111 3049 1222 3110; x_wconf 84' lang='lat' dir='ltr'>spuma</span> <span class='ocrx_word' id='word_1_216' title='bbox 1247 3041 1276 3092; x_wconf 85' lang='lat' dir='ltr'>et</span> 
     </span>
     <span class='ocr_line' id='line_1_27' title="bbox 206 3137 536 3214; baseline -0.006 -14"><span class='ocrx_word' id='word_1_217' title='bbox 206 3140 349 3200; x_wconf 81' lang='lat' dir='ltr'>eruribus</span> <span class='ocrx_word' id='word_1_218' title='bbox 362 3139 503 3214; x_wconf 71' lang='lat' dir='ltr'>defluente</span> <span class='ocrx_word' id='word_1_219' title='bbox 515 3137 536 3198; x_wconf 83' lang='lat'>⁶.</span> 
     </span>
     <span class='ocr_line' id='line_1_28' title="bbox 245 3241 1283 3325; baseline 0.001 -18"><span class='ocrx_word' id='word_1_220' title='bbox 245 3245 346 3308; x_wconf 79' lang='lat' dir='ltr'>ltacile</span> <span class='ocrx_word' id='word_1_221' title='bbox 362 3244 551 3325; x_wconf 83' lang='lat' dir='ltr'>intelligitur</span> <span class='ocrx_word' id='word_1_222' title='bbox 562 3261 659 3325; x_wconf 92' lang='lat' dir='ltr'>quam</span> <span class='ocrx_word' id='word_1_223' title='bbox 677 3249 789 3324; x_wconf 89' lang='lat' dir='ltr'>sponte</span> <span class='ocrx_word' id='word_1_224' title='bbox 806 3252 893 3309; x_wconf 88' lang='lat' dir='ltr'>vates</span> <span class='ocrx_word' id='word_1_225' title='bbox 906 3245 939 3308; x_wconf 92' lang='lat' dir='ltr'>in</span> <span class='ocrx_word' id='word_1_226' title='bbox 959 3244 1052 3310; x_wconf 89' lang='lat' dir='ltr'>illum</span> <span class='ocrx_word' id='word_1_227' title='bbox 1071 3263 1151 3310; x_wconf 84' lang='lat' dir='ltr'>vere</span> <span class='ocrx_word' id='word_1_228' title='bbox 1168 3241 1283 3325; x_wconf 67' lang='lat' dir='ltr'>mara-f</span> 
     </span>
     <span class='ocr_line' id='line_1_29' title="bbox 205 3351 1276 3434; baseline 0 -20"><span class='ocrx_word' id='word_1_229' title='bbox 205 3352 354 3416; x_wconf 88' lang='lat' dir='ltr'>thunium</span> <span class='ocrx_word' id='word_1_230' title='bbox 379 3368 490 3433; x_wconf 77' lang='lat' dir='ltr'>paeana</span> <span class='ocrx_word' id='word_1_231' title='bbox 512 3352 665 3432; x_wconf 90' lang='lat' dir='ltr'>eruperit,</span> <span class='ocrx_word' id='word_1_232' title='bbox 678 3352 789 3432; x_wconf 76' lang='lat' dir='ltr'>patria</span> <span class='ocrx_word' id='word_1_233' title='bbox 811 3353 982 3433; x_wconf 89' lang='lat' dir='ltr'>splendore</span> <span class='ocrx_word' id='word_1_234' title='bbox 995 3353 1109 3434; x_wconf 90' lang='lat' dir='ltr'>plenus</span> <span class='ocrx_word' id='word_1_235' title='bbox 1127 3369 1187 3433; x_wconf 86' lang='lat' dir='ltr'>per</span> <span class='ocrx_word' id='word_1_236' title='bbox 1214 3351 1276 3414; x_wconf 92' lang='lat' dir='ltr'>hos</span> 
     </span>
     <span class='ocr_line' id='line_1_30' title="bbox 205 3456 1275 3538; baseline -0.002 -17"><span class='ocrx_word' id='word_1_237' title='bbox 205 3459 301 3522; x_wconf 85' lang='lat' dir='ltr'>festos</span> <span class='ocrx_word' id='word_1_238' title='bbox 317 3457 385 3522; x_wconf 92' lang='lat' dir='ltr'>dies</span> <span class='ocrx_word' id='word_1_239' title='bbox 398 3457 453 3522; x_wconf 91' lang='lat' dir='ltr'>ubi</span> <span class='ocrx_word' id='word_1_240' title='bbox 468 3457 622 3538; x_wconf 85' lang='lat' dir='ltr'>gestiebat</span> <span class='ocrx_word' id='word_1_241' title='bbox 636 3456 714 3520; x_wconf 90' lang='lat' dir='ltr'>urbs</span> <span class='ocrx_word' id='word_1_242' title='bbox 733 3464 809 3533; x_wconf 87' lang='lat' dir='ltr'>tota,</span> <span class='ocrx_word' id='word_1_243' title='bbox 832 3458 1039 3535; x_wconf 89' lang='lat' dir='ltr'>clamoribus,</span> <span class='ocrx_word' id='word_1_244' title='bbox 1064 3459 1151 3532; x_wconf 84' lang='lat' dir='ltr'>luxu,</span> <span class='ocrx_word' id='word_1_245' title='bbox 1168 3456 1275 3523; x_wconf 82' lang='lat' dir='ltr'>adra·</span> 
     </span>
     <span class='ocr_line' id='line_1_31' title="bbox 206 3564 1275 3649; baseline -0.003 -19"><span class='ocrx_word' id='word_1_246' title='bbox 206 3565 268 3640; x_wconf 88' lang='lat' dir='ltr'>nis,</span> <span class='ocrx_word' id='word_1_247' title='bbox 285 3565 351 3628; x_wconf 87' lang='lat' dir='ltr'>Diis</span> <span class='ocrx_word' id='word_1_248' title='bbox 363 3564 523 3646; x_wconf 83' lang='lat' dir='ltr'>frequens,</span> <span class='ocrx_word' id='word_1_249' title='bbox 555 3566 746 3628; x_wconf 87' lang='lat' dir='ltr'>consolaris</span> <span class='ocrx_word' id='word_1_250' title='bbox 769 3582 847 3645; x_wconf 81' lang='lat' dir='ltr'>suae,</span> <span class='ocrx_word' id='word_1_251' title='bbox 871 3565 1119 3644; x_wconf 88' lang='lat' dir='ltr'>triumphorum·</span> <span class='ocrx_word' id='word_1_252' title='bbox 1135 3581 1275 3649; x_wconf 83' lang='lat' dir='ltr'>memor,</span> 
     </span>
     <span class='ocr_line' id='line_1_32' title="bbox 206 3670 1278 3754; baseline 0.002 -19"><span class='ocrx_word' id='word_1_253' title='bbox 206 3678 366 3754; x_wconf 88' lang='lat' dir='ltr'>strepente</span> <span class='ocrx_word' id='word_1_254' title='bbox 380 3690 438 3754; x_wconf 88' lang='lat' dir='ltr'>per</span> <span class='ocrx_word' id='word_1_255' title='bbox 461 3689 578 3736; x_wconf 90' lang='lat' dir='ltr'>cuneos</span> <span class='ocrx_word' id='word_1_256' title='bbox 594 3670 728 3736; x_wconf 81' lang='lat' dir='ltr'>refertos</span> <span class='ocrx_word' id='word_1_257' title='bbox 740 3671 869 3752; x_wconf 91' lang='lat' dir='ltr'>populo,</span> <span class='ocrx_word' id='word_1_258' title='bbox 885 3670 1085 3737; x_wconf 89' lang='lat' dir='ltr'>adstantibus</span> <span class='ocrx_word' id='word_1_259' title='bbox 1102 3672 1278 3753; x_wconf 83' lang='lat' dir='ltr'>magistra-</span> 
     </span>
     <span class='ocr_line' id='line_1_33' title="bbox 205 3777 1279 3859; baseline 0 -16"><span class='ocrx_word' id='word_1_260' title='bbox 205 3779 304 3856; x_wconf 90' lang='lat' dir='ltr'>tibus,</span> <span class='ocrx_word' id='word_1_261' title='bbox 319 3796 375 3843; x_wconf 88' lang='lat' dir='ltr'>ara</span> <span class='ocrx_word' id='word_1_262' title='bbox 388 3778 662 3859; x_wconf 69' lang='lat' dir='ltr'>tumentaaperto</span> <span class='ocrx_word' id='word_1_263' title='bbox 676 3778 766 3855; x_wconf 88' lang='lat' dir='ltr'>eoelo,</span> <span class='ocrx_word' id='word_1_264' title='bbox 778 3777 910 3842; x_wconf 87' lang='lat' dir='ltr'>ardente</span> <span class='ocrx_word' id='word_1_265' title='bbox 924 3779 1086 3854; x_wconf 69' lang='lat' dir='ltr'>solatore</span> <span class='ocrx_word' id='word_1_266' title='bbox 1096 3779 1182 3844; x_wconf 90' lang='lat' dir='ltr'>diem</span> <span class='ocrx_word' id='word_1_267' title='bbox 1194 3780 1279 3845; x_wconf 88' lang='lat' dir='ltr'>hila·</span> 
     </span>
    </p>
   </div>
   <div class='ocr_carea' id='block_1_5' title="bbox 209 4035 1277 4179">
    <p class='ocr_par' dir='ltr' id='par_1_5' title="bbox 209 4035 1277 4179">
     <span class='ocr_line' id='line_1_34' title="bbox 243 4035 1277 4100; baseline 0 -16"><span class='ocrx_word' id='word_1_268' title='bbox 243 4036 263 4084; x_wconf 86' lang='lat'>1.</span> <span class='ocrx_word' id='word_1_269' title='bbox 280 4035 353 4099; x_wconf 72' lang='lat' dir='ltr'>Aah,</span> <span class='ocrx_word' id='word_1_270' title='bbox 376 4039 509 4088; x_wconf 74' lang='lat' dir='ltr'>oea-2.</span> <span class='ocrx_word' id='word_1_271' title='bbox 533 4037 595 4100; x_wconf 70' lang='lat' dir='ltr'>Ep,</span> <span class='ocrx_word' id='word_1_272' title='bbox 616 4037 670 4084; x_wconf 79' lang='lat'><strong>572.</strong></span> <span class='ocrx_word' id='word_1_273' title='bbox 697 4036 761 4082; x_wconf 84' lang='grc'>-3,</span> <span class='ocrx_word' id='word_1_274' title='bbox 784 4036 866 4098; x_wconf 79' lang='lat' dir='ltr'>Vesp,</span> <span class='ocrx_word' id='word_1_275' title='bbox 887 4036 956 4086; x_wconf 88' lang='grc'><strong>1083.</strong></span> <span class='ocrx_word' id='word_1_276' title='bbox 988 4061 1016 4070; x_wconf 85' lang='grc'>-</span> <span class='ocrx_word' id='word_1_277' title='bbox 1038 4037 1061 4084; x_wconf 79' lang='lat' dir='ltr'>h.</span> <span class='ocrx_word' id='word_1_278' title='bbox 1083 4035 1140 4097; x_wconf 77' lang='lat' dir='ltr'>aq,</span> <span class='ocrx_word' id='word_1_279' title='bbox 1166 4037 1221 4084; x_wconf 71' lang='lat' dir='ltr'>ills.</span> <span class='ocrx_word' id='word_1_280' title='bbox 1244 4061 1277 4070; x_wconf 83' lang='lat'><em>-</em></span> 
     </span>
     <span class='ocr_line' id='line_1_35' title="bbox 209 4113 887 4179; baseline -0.004 -14"><span class='ocrx_word' id='word_1_281' title='bbox 209 4117 232 4165; x_wconf 83' lang='lat'>5.</span> <span class='ocrx_word' id='word_1_282' title='bbox 250 4113 327 4178; x_wconf 86' lang='lat' dir='ltr'>ibid,</span> <span class='ocrx_word' id='word_1_283' title='bbox 342 4119 384 4167; x_wconf 82' lang='lat'>551</span> <span class='ocrx_word' id='word_1_284' title='bbox 400 4130 459 4179; x_wconf 81' lang='lat' dir='ltr'>sqq3</span> <span class='ocrx_word' id='word_1_285' title='bbox 473 4119 515 4168; x_wconf 85' lang='lat'>581</span> <span class='ocrx_word' id='word_1_286' title='bbox 534 4129 587 4177; x_wconf 92' lang='lat' dir='ltr'>sqq.</span> <span class='ocrx_word' id='word_1_287' title='bbox 601 4139 633 4149; x_wconf 90' lang='lat'>-</span> <span class='ocrx_word' id='word_1_288' title='bbox 644 4116 669 4162; x_wconf 84' lang='grc'>6.</span> <span class='ocrx_word' id='word_1_289' title='bbox 682 4115 736 4174; x_wconf 80' lang='lat' dir='ltr'>ipa.</span> <span class='ocrx_word' id='word_1_290' title='bbox 763 4116 821 4164; x_wconf 81' lang='lat'>1247</span> <span class='ocrx_word' id='word_1_291' title='bbox 835 4127 887 4176; x_wconf 91' lang='lat' dir='ltr'>sqq.</span> 
     </span>
    </p>
   </div>
   <div class='ocr_carea' id='block_1_6' title="bbox 0 0 1388 4746">
    <p class='ocr_par' dir='ltr' id='par_1_6' title="bbox 0 0 1388 4746">
     <span class='ocr_line' id='line_1_36' title="bbox 0 0 1388 4746; baseline 0 0"><span class='ocrx_word' id='word_1_292' title='bbox 0 0 1388 4746; x_wconf 95' lang='lat' dir='ltr'> </span> 
     </span>
    </p>
   </div>
  </div>
 </body>
</html>
