2768 4746
633 331 792 387 ...28-

188 470 220 529 et
243 469 443 545 presentem,
469 461 569 525 alium
590 459 711 525 ibidem
729 461 764 525 in
784 461 945 524 corvum¹.
971 459 1059 523 linus
1075 458 1141 539 illa,
1168 459 1257 524 viros

190 571 486 659 sitienscantuque
512 583 707 650 provocans,
733 565 837 648 lepide
862 567 1064 628 omtcottolom
1089 565 1257 629 tibicinem

187 675 352 740 blanditiis
386 675 533 739 hortatur
568 692 603 738 se
640 674 709 754 ipso
747 673 844 754 digna
868 673 990 737 cantica
1021 673 1149 736 canenti
1171 673 1259 736 arci-

190 786 272 846 nat’.

228 891 336 973 Neque
347 889 446 970 igitur
459 889 577 952 chorus
592 893 706 968 poeta,
723 904 828 970 neque
841 886 939 950 choro
953 891 1048 967 poeta
1064 885 1180 961 servit;
1199 886 1259 950 sed

188 997 306 1062 chorus
316 1003 417 1062 certas
432 1013 621 1078 severasque
632 995 717 1075 leges
732 994 878 1076 sequitur
890 994 923 1056 in
937 993 1027 1057 omni
1044 993 1167 1057 actione
1183 1009 1256 1067 sua,

188 1119 286 1185 quam
294 1119 423 1167 omnem
431 1107 523 1183 poeta
531 1099 871 1166 inveniendilihertata
881 1105 913 1162 et
922 1097 1060 1162 novitate
1070 1096 1257 1177 distinguit:

189 1208 274 1272 unde
285 1213 479 1289 spectatores
490 1206 608 1287 duplici
619 1205 803 1271 alliciuntur
812 1203 1028 1268 delectationis
1037 1203 1260 1285 genere,quod
1274 1257 1279 1264 .

188 1313 448 1378 exordinatione
475 1313 618 1376 nascitur
642 1318 674 1376 et
694 1331 712 1375 e
733 1311 897 1374 varietate.
923 1309 1081 1373 ueterum
1107 1309 1134 1372 si
1157 1321 1258 1385 nunc,

177 1428 350 1502 ¹comperta
366 1426 432 1484 tota
449 1418 539 1483 chori
567 1420 705 1495 ratione,
736 1424 837 1510 poetae
856 1416 1055 1498 propositum
1081 1432 1261 1498 repraesen-

188 1528 285 1590 tantis
298 1525 505 1608 fabulamque
519 1525 751 1602 connectentis,
768 1524 944 1607 quaerimus
958 1521 1260 1604 quomodoanima-
1365 1508 1368 1512 “

188 1631 313 1704 tussit,
341 1629 418 1713 quid
433 1630 549 1710 spiret,
573 1629 654 1711 quid
668 1636 755 1710 agat,
780 1629 1008 1710 perspiciemus
1023 1627 1083 1692 sub
1099 1627 1159 1691 hac
1171 1644 1260 1691 com-

188 1737 290 1819 posita
301 1736 406 1816 specie
420 1735 652 1800 sententiarum
673 1753 849 1818 rerumque
865 1735 1079 1799 temeritatem
1099 1751 1141 1799 ne
1156 1734 1259 1801 latere
1368 1780 1374 1792 ,

188 1842 332 1924 quidem,
360 1840 416 1904 sed
437 1859 506 1905 sese
531 1847 638 1922 aperte
661 1841 817 1922 explicare
838 1859 845 1904 :
869 1842 969 1904 itaut
990 1839 1125 1915 chorus,
1143 1854 1257 1922 -quam

188 1947 350 2011 licentiam
371 1946 522 2025 vidimus,
544 1966 562 2011 e
577 1948 637 2010 riis
651 1948 685 2010 in
700 1947 823 2028 pulpita
838 1946 1001 2021 eductam,
1014 1961 1082 2010 sese
1094 1962 1152 2026 per
1166 1937 1260 2010 labu-

188 2052 254 2116 lam
268 2069 398 2115 omnem
428 2052 497 2115 sine
512 2053 767 2132 more-pandere,
784 2052 930 2117 eamdem
944 2053 977 2114 in
993 2068 1027 2114 se
1039 2068 1167 2134 quoque
1181 2052 1259 2116 reti-

189 2157 314 2233 nuerit,
341 2156 481 2232 nedum,
500 2157 695 2238 compositus
709 2157 744 2221 in
758 2163 882 2222 certum
896 2155 1059 2237 quoddam
1073 2155 1256 2220 litterarum

189 2282 299 2344 genus,
316 2263 466 2344 abjiceret
479 2270 534 2327 aut
549 2271 718 2329 coerceret.

229 2369 478 2450 Tragioaiahula
491 2375 556 2435 tota
571 2371 674 2451 posita
689 2373 782 2435 estin
796 2372 893 2435 rebus
909 2370 1090 2452 praeteritis,
1109 2386 1183 2452 quae
1194 2384 1257 2434 no·

191 2476 313 2541 hiscum
327 2477 408 2541 nihil
423 2495 594 2542 commune
609 2478 728 2543 habent
743 2497 750 2542 :
774 2496 839 2543 non
855 2479 942 2544 enim
956 2484 1066 2543 nostra
1080 2496 1133 2541 res
1150 2477 1258 2558 agitur
1350 2555 1357 2568 ,

172 2583 417 2665 spectantium,
432 2583 612 2665 pecudesne
628 2585 705 2665 AJax
720 2586 867 2651 ceciderit
879 2591 934 2649 aut
947 2584 1178 2649 Andromachae
1192 2603 1257 2649 na·

188 2699 259 2754 tum
277 2690 444 2771 subripere
463 2692 633 2770 tentaverit
646 2693 830 2758 Hermione.
856 2694 936 2769 Qui,
958 2693 1055 2775 quid,
1081 2691 1255 2775 quomodo,

188 2797 315 2878 quando
339 2797 478 2878 egerint,
506 2804 598 2879 poeta
612 2798 706 2862 nohis
724 2800 900 2863 verisimile
920 2800 1037 2873 videri,
1063 2799 1128 2862 imo
1141 2790 1256 2862 verum

134 2988 136 2992 v
189 2902 274 2966 credi
285 2902 362 2977 vult,
378 2909 411 2967 et
422 2922 440 2967 e
451 2905 567 2969 tradita
583 2907 759 2988 antiquitus
773 2907 938 2972 memoriae
953 2905 1148 2988 supellectile
1157 2923 1256 2987 argu-

115 3021 118 3026 ·
190 3015 298 3074 menta
311 3027 370 3072 sua
384 3010 552 3091 depromit,
569 3030 628 3075 nos
643 3013 821 3077 credituros
834 3019 937 3078 ratus.
954 3014 1014 3078 Sed
1028 3012 1148 3078 Graecia
1163 3031 1257 3078 man·

111 3181 115 3187 ,
187 3116 269 3192 dax,
285 3131 373 3178 ausa
387 3115 526 3180 scrihere
538 3117 641 3180 multa
657 3118 692 3181 in
707 3119 841 3184 historia
858 3137 930 3203 quae
944 3119 1136 3201 legerentur,
1160 3120 1256 3200 plura

77 3268 79 3275 .
190 3220 287 3283 etiam
301 3228 375 3284 ante
392 3221 552 3286 conditam
566 3224 735 3289 historiam
751 3242 931 3291 memorare
947 3244 1025 3291 ausa
1044 3233 1091 3290 est
1105 3243 1177 3308 quae
1192 3232 1257 3290 tra·

83 3349 85 3354 ·
191 3324 341 3391 darentur
357 3345 364 3390 :
382 3326 458 3391 hinc
472 3329 552 3392 varii
567 3336 598 3393 et
614 3330 655 3394 ad
669 3331 818 3396 lacrimas
833 3340 889 3396 aut
902 3332 1155 3413 indignationem
1170 3333 1256 3397 mire

75 3511 80 3521 .
101 3476 104 3480 ,
190 3434 358 3514 compositi
370 3453 460 3500 casus
478 3436 606 3518 Sisyphi
621 3443 676 3502 aut
688 3440 888 3505 Athamantis
903 3447 958 3511 aut
972 3441 1114 3518 Helenae,
1128 3441 1256 3521 paucie
1295 3516 1296 3520 Ἰ

191 3540 356 3619 sexcentis,
368 3559 449 3623 quos
461 3543 637 3625 AEschylus,
652 3544 824 3627 Sophocles
838 3553 869 3612 at
879 3547 1059 3629 Euripides,
1068 3565 1255 3630 quanquam

191 3645 380 3743 veterrimos
403 3655 434 3711 et
448 3649 727 3727 mendacissimos,
744 3647 909 3718 musa'sua
922 3654 1227 3719 commendaverunt
1245 3674 1253 3716 :

191 3750 218 3813 si
233 3751 344 3828 nohis,
359 3752 490 3816 Periclis
504 3772 619 3835 nempe
633 3756 827 3837 aequalihus,
851 3776 968 3840 parum
988 3760 1136 3841 congruit
1162 3760 1268 3841 Ajax„

191 3857 325 3922 minime
338 3854 510 3940 Sysiphus;
531 3861 558 3924 si
576 3859 675 3924 multa
692 3862 725 3926 in
739 3864 894 3944 tragoedia
908 3881 1024 3945 parum
1038 3865 1179 3932 veritatis
1193 3863 1253 3930 ha·

208 4096 210 4103 ι
225 4072 246 4119 1.
264 4075 395 4135 Ao.,-d82,
411 4074 465 4122 861.
480 4098 509 4110 ·-
520 4078 544 4124 l.
556 4073 635 4137 Eccl,
652 4077 705 4126 871.
