2768 4746
655 355 804 410 -76..

193 488 274 557 lenis
287 486 439 550 clausulae
454 483 640 566 repetitione
649 483 864 547 terminantur
875 480 883 513 ¹
893 499 901 557 ;
911 480 984 543 dein
996 479 1136 562 plura,si
1148 497 1213 544 uon
1225 480 1257 569 iu

193 581 305 675 eadem
319 591 416 658 verba
430 591 564 666 cadunt,
580 590 614 654 in
627 575 773 654 eamdem
800 593 884 652 certe
904 585 1022 650 cadunt
1039 580 1165 650 dicendi
1188 575 1258 676 ior}

192 718 280 763 mam
296 705 327 763 et
339 699 492 781 speciem,
508 715 578 779 quae
591 703 639 761 est
653 695 803 760 revolutae
817 692 1029 758 conclusionis
1039 692 1131 774 quasi
1143 688 1258 756 adumss

193 805 330 880 hratio²;
345 810 506 886 postremo
521 803 677 886 plurima,
694 802 818 865 noorai
833 800 964 883 quidem
979 798 1035 862 sed
1045 815 1259 874 numerorum

193 913 337 993 paritate,
354 911 437 975 inter
450 928 484 973 se
498 929 515 975 e
530 909 661 990 stropha
683 909 720 971 ad
741 909 847 980 ἐπωδήν
871 905 1109 987 respondentia,
1134 923 1259 969 memo·

192 1018 588 1099 riamjuvantcoutumque
598 1016 752 1080 alliciunt.
765 1015 887 1093 Gertius
900 1013 979 1079 illud
988 1012 1141 1077 indicium
1155 1013 1260 1076 :Aris-

193 1126 341 1208 tophanis
357 1125 530 1199 canticum,
551 1123 663 1209 verbis
681 1124 842 1186 minutum
858 1128 953 1202 atque
970 1119 1089 1198 habile,
1107 1136 1220 1200 presso
1233 1119 1260 1190 it

193 1233 335 1313 agmine;
354 1231 446 1312 agilis
461 1229 613 1295 adfinem
629 1230 689 1293 cito
704 1229 791 1291 venit
817 1233 955 1308 pennata
978 1227 1145 1310 sententia,
1173 1225 1259 1289 desi·

193 1355 273 1401 nens
285 1337 399 1401 missili
411 1337 558 1400 acumine
575 1335 692 1413 vibrat,
715 1333 935 1414 subsistitque.
964 1332 1165 1396 canticorum
1186 1331 1261 1404 illo,-

193 1463 267 1508 rum
279 1444 497 1508 diversissima
511 1451 586 1507 sunt
602 1461 730 1524 genera,
755 1441 988 1506 distinctissimi
1007 1441 1147 1518 colores,
1172 1439 1260 1504 idem

192 1557 300 1614 tamen
314 1558 417 1628 tenor,
432 1551 517 1614 idem
532 1551 646 1624 flexus,
662 1550 748 1613 idem
762 1551 875 1627 exitus,
889 1550 1018 1628 eadem,
1034 1549 1069 1612 in
1088 1549 1164 1624 fine,
1185 1566 1262 1612 sen-

192 1658 298 1721 tentlae
312 1657 377 1721 sive
391 1664 499 1734 acutae,
517 1659 583 1720 sive
598 1657 751 1733 delicatae,
768 1658 834 1722 sire
854 1656 962 1720 tacete
980 1657 1142 1737 jaculatio.
1168 1651 1259 1720 Haud

193 1764 297 1841 aliter,
314 1763 476 1827 neminus
503 1764 603 1828 oculis
628 1764 838 1845 popularibus
864 1765 1049 1829 adhereant
1071 1781 1141 1846 quoe
1164 1763 1262 1828 struit

192 1883 291 1951 quam
305 1866 437 1930 auribus
450 1884 521 1949 quae
538 1866 636 1955 canit,
655 1867 767 1930 breves
785 1867 877 1948 fingit
901 1852 1073 1950 imagines
1101 1871 1201 1949 pauca
1229 1872 1261 1929 et

193 1973 349 2055 simplicia
364 1974 483 2055 eligans
496 1975 544 2037 rei
560 1975 714 2056 cujusque
729 1993 800 2057 quae
826 1980 949 2039 exstant
972 1974 1122 2055 insignia,
1145 1977 1176 2036 et
1195 1972 1262 2055 pic·
1332 1983 1338 1992 ‘

192 2078 273 2141 tura
291 2078 411 2141 instar*
423 2077 629 2160 scurrilisque
648 2078 807 2171 artificum
819 2085 1003 2143 nostrorum
1018 2079 1093 2162 styli
1104 2095 1261 2160 persona-

193 2191 241 2248 tas
266 2184 357 2262 belli,
384 2184 470 2265 pacis
487 2190 517 2247 et
531 2192 719 2249 caeterorum
734 2186 856 2267 efligies
871 2185 1115 2261 delineantium,
1143 2201 1263 2266 reprae·

193 2300 296 2358 sentat
319 2293 468 2358 Cleonem
485 2301 516 2357 et
534 2294 698 2357 Brasidam
713 2295 804 2376 quasi
820 2294 883 2358 duo
896 2294 1002 2359 bellici
1017 2293 1165 2358 mortarii
1180 2291 1259 2375 pila,

192 2400 296 2462 varias
310 2399 406 2463 urbes
429 2419 446 2463 e
468 2401 620 2477 vectibus,
645 2401 732 2464 Pacis
751 2401 924 2465 liberandae
952 2396 1058 2476 causa,
1073 2384 1261 2481 'pendentes

192 2506 343 2588 varieque
368 2508 540 2582 enitentes,
563 2508 800 2571 Abundantium
820 2526 838 2572 a
855 2510 990 2572 vinitore
1008 2508 1263 2589 ductam,Popu·

191 2610 261 2675 lum
274 2613 417 2677 medium
432 2614 516 2678 inter
526 2613 697 2678 coriarium
718 2622 749 2678 et
768 2615 952 2692 isiciarium,
978 2631 1119 2697 quarum
1135 2596 1263 2696 ¹imagi·

192 2737 286 2795 num,
309 2722 344 2782 in
368 2720 484 2802 quibus
512 2727 559 2784 est
587 2728 651 2784 tota
675 2720 857 2785 fabularum
883 2721 1087 2802 singularum
1111 2726 1260 2803 summa,

190 2823 298 2912 brevis
310 2831 357 2888 est
372 2826 464 2907 quasi
478 2807 626 2907 jaculatio
641 2827 785 2891 etfacilis
800 2829 968 2892 memoria.

230 2931 536 3012 Aristophaneorum
566 2933 761 2997 canticorum
785 2934 926 2997 maxima
950 2953 1025 3015 pars
1046 2942 1095 2999 est
1115 2932 1262 3000 satirico·

191 3055 277 3113 rum,
304 3043 340 3100 ut
358 3054 487 3118 aequum
507 3039 540 3101 in
561 3039 726 3115 comoedia,
752 3057 838 3103 nunc
860 3040 899 3104 de
924 3041 1021 3105 rebus
1046 3046 1078 3105 et
1100 3025 1261 3120 moribus,

191 3163 277 3209 nunc
294 3144 333 3208 de
354 3143 546 3227 quibusdam
568 3145 736 3210 hominum
757 3147 946 3227 generibus,
968 3165 1053 3212 nunc
1067 3147 1107 3212 de
1121 3149 1265 3213 homini·
1287 3231 1289 3234 y

186 3248 253 3325 ,bus
267 3251 470 3314 nominatim.
484 3251 535 3315 Sic
546 3252 706 3316 canticum
719 3260 766 3317 est
780 3254 819 3318 de
834 3254 1103 3336 sycophantarum
1118 3255 1262 3339 natione,

191 3375 329 3440 quorum
352 3362 387 3421 io
409 3361 514 3438 liopuo
529 3372 700 3436 pentecost,
718 3361 771 3442 qui
788 3364 894 3440 linquo
913 3373 1028 3440 serunt,
1044 3375 1171 3441 netum,
1190 3367 1264 3426 oio·

192 3464 323 3526 damiam
340 3463 378 3541 ’;
400 3464 558 3529 canticum
589 3466 628 3529 de
655 3466 764 3529 Oreste
782 3467 946 3548 praedone,
972 3473 998 3529 ἐν
1015 3457 1050 3543 lm
1069 3470 1174 3555 λύχνων
1195 3449 1264 3553 epus-

192 3570 409 3655 plphospites
432 3572 572 3636 vestibus
601 3574 759 3650 nudante,
796 3574 893 3639 heroe
921 3583 1088 3655 caeterum,
1121 3577 1194 3651 πλὴν
1213 3563 1263 3653 τῆς

225 3881 247 3930 1.
262 3880 291 3927 v.
301 3877 383 3939 sot,
398 3882 453 3932 sar.
467 3893 520 3944 sqq.
534 3908 564 3918 -
575 3886 598 3932 o.
613 3884 640 3930 v.
660 3884 730 3945 sps,
745 3886 788 3935 rar
803 3896 872 3946 sos,
887 3886 932 3935 sos
944 3896 1013 3946 sqq.;
1026 3880 1088 3930 thid.
1099 3870 1102 3874 “
1114 3884 1176 3933 rote
1191 3869 1261 3947 aqi„

193 3960 254 4029 1188
266 3973 362 4024 sqq.·-
374 3964 396 4012 3.
415 3960 563 4012 Parrhasius
575 3963 602 4011 in
619 3961 716 4029 tabula,
738 3969 802 4014 teste
819 3963 912 4024 Plinio,
929 3965 1010 4029 pinxit
1021 3963 1145 4028 Populum
1161 3963 1263 4028 lovem,

192 4046 336 4176 mma?
355 4042 393 4175 {fv
402 4056 513 4176 απῗὲἓέω
530 4051 573 4094 aut
590 4043 685 4116 odium,
699 4044 867 4127 eumdemque
880 4055 1032 4120 generosum
1045 4044 1177 4143 laudisque
1189 4047 1261 4124 cupi.

200 4179 217 4188 ,.
257 4149 306 4172 ·“
331 4161 336 4173 ·
396 4161 417 4186 ¹³
495 4163 500 4174 ·
