2768 4746
612 320 753 374 ..g-

194 450 367 536 Proeterea,
385 464 457 529 quaa
476 445 627 529 Bacchus,
649 445 761 510 eadem
786 445 923 526 populus
948 444 1085 520 volebat,
1105 443 1217 518 itaut,

154 565 224 621 tum
248 552 411 635 religionis
433 571 547 629 musa,
571 561 642 618 tum
668 553 858 626 conciliandi
880 552 989 635 populi
1015 551 1140 625 sabulis,
1152 552 1222 616 suis

154 660 307 742 pupulum
326 660 571 742 castigantibus,
587 666 656 724 tum
671 677 784 723 eorum
799 658 1005 735 imitationis,
1024 675 1106 738 quos
1126 657 1223 722 unice

154 766 306 848 diligebat
325 767 568 848 Aristophanes,
587 772 751 841 veterum,
774 766 855 831 banc
875 766 1036 835 licentiam
1052 765 1224 830 retinuerit

154 890 237 955 quae,
251 863 405 956 quamdiu
419 874 548 937 Athenae
563 872 612 938 sui
627 880 790 955 compotes
805 857 1143 954 luerunt,viguit,nec‚
1157 870 1223 934 nisi
1278 855 1280 859 ¹

154 980 270 1044 abolita
284 981 389 1061 prisca
410 978 624 1056 institutione,
647 991 782 1061 purgata
805 987 864 1045 est.
888 981 968 1044 Nam
984 978 1134 1061 populus,
1154 959 1229 1043 nou*

154 1088 273 1153 Baccho
288 1086 405 1174 solum,
421 1087 477 1150 sed
492 1092 523 1150 et
537 1087 630 1167 genio
645 1105 703 1152 suo
718 1089 915 1153 sacrificandi
930 1089 1043 1169 gratia,
1063 1105 1081 1151 a
1095 1088 1222 1152 theatro

153 1195 271 1260 licitam
302 1193 545 1259 Bacchanalium
577 1194 815 1276 protervitatem
843 1196 990 1261 exsulare
1015 1212 1081 1260 non
1105 1212 1222 1276 passus

153 1309 245 1377 esset,
269 1309 301 1365 et
324 1301 378 1382 qui
400 1300 637 1382 dithyrambum
662 1302 797 1383 relegari
824 1321 842 1366 a
864 1301 1018 1384 tragoedia
1041 1300 1222 1366 reclamans

153 1408 227 1472 sivit
250 1415 378 1482 tamen,
404 1407 494 1489 idem
512 1407 635 1479 libens,
663 1409 787 1490 Trygaei
812 1408 977 1490 exemplo,
1005 1407 1222 1472 decentiorem

152 1515 323 1580 Theoriam
343 1516 559 1580 renuntiasset
579 1517 717 1593 senatui,
742 1515 803 1580 sibi
821 1516 960 1598 Oporam
982 1514 1128 1597 pellicem
1147 1531 1223 1578 cum

154 1621 309 1703 phallicis·
323 1621 469 1687 cantibus
491 1629 695 1687 reservasset.
711 1623 833 1704 Quippe
855 1621 1010 1700 Pericles,
1030 1621 1113 1685 hanc
1126 1627 1223 1702 petu-

154 1727 289 1791 lantiam
309 1744 465 1809 respuens
479 1735 510 1791 et
523 1745 724 1811 compescere
737 1745 925 1810 aggressus,
944 1745 1009 1792 non
1031 1727 1103 1808 plus
1117 1726 1223 1791 trien-

154 1835 214 1913 nio,
235 1833 349 1915 potuit.
382 1833 516 1897 Multum
545 1834 632 1897 enim
658 1836 796 1916 populus
822 1842 1013 1915 apparatus,
1043 1832 1222 1910 tumultus,

156 1940 319 2005 ebrietatis
339 1939 534 2021 reposcebat.
560 1940 638 2002 Hinc
660 1929 810 2005 in'scena
826 1938 915 2021 longi
936 1939 1147 2008 obsoniorum
1168 1956 1223 2002 or·
1273 1943 1277 1948 '

156 2047 259 2124 dines,
276 2047 429 2110 instituta
445 2045 622 2119 fornaculae,
637 2046 828 2128 crepitantes
844 2046 1041 2126 sartaginem
1058 2044 1144 2119 hinc,
1163 2062 1223 2125 pro

156 2154 228 2218 suso
244 2152 322 2217 olim
337 2153 369 2215 in
384 2153 543 2234 Dionysiis
562 2153 734 2235 sanguine,
756 2153 821 2217 vini
842 2152 943 2217 multa
961 2152 1081 2234 ubique
1095 2151 1143 2214 vis
1152 2154 1174 2226 ¹,
1192 2159 1225 2217 et

155 2262 211 2326 ille
232 2278 344 2325 rerum
363 2261 511 2326 omnium
529 2261 563 2325 in
581 2260 691 2326 sabula
704 2262 791 2338 finis,
809 2260 862 2325 ille
876 2263 953 2323 Deus
965 2279 1002 2322 ou
1017 2261 1171 2335 machino,
1188 2258 1223 2321 in

157 2387 255 2453 quam
269 2370 379 2433 omnia
392 2374 508 2433 coeunt
521 2371 729 2451 compotatio;
746 2370 821 2434 hinc
834 2385 924 2432 sacra
938 2385 956 2430 a
970 2350 1119 2449 personis*
1130 2367 1224 2434 insti.-

158 2481 234 2553 tuta,
254 2475 355 2553 multa
374 2474 472 2538 simul
489 2474 622 2540 adducta
636 2477 759 2540 scorta‘
772 2481 804 2538 et
817 2473 972 2556 psaltriae3
988 2473 1090 2537 multa
1102 2471 1225 2555 ubique

159 2583 299 2660 saltatio,
321 2583 439 2646 rustica
463 2581 661 2664 tripudiatio,
684 2589 831 2663 proterva
853 2565 1154 2644 honestissimorum
1174 2579 1225 2643 ci-

158 2688 247 2753 vium
258 2688 512 2771 pudentiumque
525 2686 787 2763 adolescentium,
802 2692 838 2750 ut
848 2684 954 2748 choris
969 2686 1225 2750 adnumerentur

115 2818 117 2822 ’
159 2795 391 2872 emulantium,
412 2813 470 2877 per
486 2795 546 2858 hos
566 2794 634 2858 dies
650 2791 888 2871 inviolatorum,
913 2790 1130 2873 gesticulatio,
1149 2791 1227 2857 hinc

159 2904 319 2967 inusitatae
332 2907 434 2966 vestes
444 2907 499 2965 aut
512 2900 653 2963 mentitae
665 2905 696 2963 et
709 2917 764 2963 ora
778 2905 960 2979 portentosa
970 2900 990 2976 a,
1000 2899 1140 2962 Bacchus
1154 2915 1225 2960 ser-

159 3026 236 3074 vum
251 3007 408 3081 induens,
431 3005 600 3070 Herculem
623 3021 753 3079 servus;
772 3003 887 3084 puellae
901 3021 996 3077 sues;
1011 2999 1227 3075 Mnelisoclius

161 3118 271 3182 habitu
300 3115 435 3198 lemina;
461 3114 590 3178 leminae
614 3113 648 3177 in
673 3112 822 3176 barbatos
850 3119 1001 3189 mutata,
1031 3112 1166 3176 luscinia
1189 3112 1225 3175 in
1306 3150 1308 3157 »

75 3256 79 3263 ·
160 3230 314 3298 scortum,
328 3222 448 3288 auletes
460 3221 494 3283 in
506 3237 638 3284 corvum
647 3219 826 3300 ‘monitans
840 3220 874 3283 in
889 3219 1047 3284 scarabaeo
1059 3219 1225 3300 Trygaeus,

160 3341 290 3417 reptans
313 3334 347 3397 in
373 3331 531 3414 colliquiis
553 3329 751 3406 Philocleon,
777 3329 919 3394 Socrates
938 3327 1169 3412 lluripidesque
1184 3329 1227 3392 de

161 3440 298 3504 canistro
313 3440 498 3521 pendentes,
510 3436 641 3519 Judicati
655 3454 766 3515 canes;
784 3438 867 3501 circa
875 3419 1041 3512 Cleonem,
1053 3434 1225 3518 Populum,

160 3545 395 3635 Philocleonem
416 3544 508 3618 rixae,
536 3561 652 3626 pugnae
671 3545 870 3609 sacerdotum
891 3544 974 3607 circa
995 3551 1082 3623 exta,
1106 3543 1224 3623 pelles,

162 3651 305 3733 adipem3
335 3651 541 3715 Pisthetaerus
567 3655 597 3712 et
625 3648 809 3730 Evelpides,
839 3648 979 3714 verubus
1013 3643 1123 3713 contra
1151 3665 1227 3711 aves

195 3940 217 3987 1.
234 3940 269 3985 Ex
278 3934 358 3986 oculis
370 3934 537 3997 spectantium
551 3933 646 3983 tollitur
661 3936 795 3985 mactanda
805 3934 858 3986 ovis
869 3937 893 3984 in
907 3939 984 3999 Poro,
1002 3937 1069 3988 1019.
1083 3962 1112 3971 -—
1122 3939 1145 3984 2.
1164 3935 1227 3982 cum

162 4029 216 4065 mos
228 4014 338 4079 primum
350 4014 427 4064 fuerit
442 4013 566 4075 choragis
578 4019 659 4064 scorta
672 4016 697 4064 in
710 4012 926 4084 scena'exhlbers,
937 4029 967 4066 ea
975 4015 1003 4065 in
1013 4014 1109 4064 tabulas
1121 4009 1226 4062 induxe-

163 4100 222 4145 runt
233 4101 320 4158 poetae.
332 4097 395 4144 -3,
409 4092 484 4156 Acin,
502 4095 540 4144 95.
552 4095 683 4159 —!r.1lc.,
699 4097 752 4146 aot.
