2768 4746
601 355 641 366 ..
661 325 760 380 qs...

155 456 221 519 fere
238 452 423 529 absurdam,
438 453 468 516 vi
479 453 631 517 carminis
644 453 802 531 struebat,
814 453 972 537 Amphion
990 453 1085 531 alter,
1104 461 1136 520 et
1154 473 1223 519 car-

155 563 252 626 minis
270 561 424 625 suavitate
441 560 638 626 defendebat.
660 561 697 624 ln
718 560 777 626 hac
796 563 975 626 carminum
995 569 1101 642 parte,
1121 581 1235 654 quarnx

154 688 218 734 non
232 669 355 733 ratione
370 669 537 746 sustinere,
555 668 610 732 sed
625 670 768 754 φαντασίᾳ,
784 671 869 733 unde
887 677 959 733 nata
976 677 1054 747 erat,
1072 671 1225 736 decorare

154 777 258 842 solum
269 781 390 857 poterat
401 781 493 857 poeta
503 782 620 852 noster,
633 776 779 840 excelluit
788 783 854 840 turn
868 776 1024 857 singulari
1036 775 1223 840 inveniendi

154 883 303 958 novitate,
315 888 385 946 turn
399 883 515 946 eximio
532 882 660 945 inventa
673 885 824 963 pingendi
836 883 981 948 artificio.
997 884 1060 946 Nec
1071 882 1222 966 equidem
1304 896 1308 903 ·

153 989 266 1065 velim,
285 988 479 1053 reclamante
498 967 726 1070 Aristophane,
742 990 813 1070 ejus
830 999 957 1071 cantus,
976 988 1094 1073 quibus
1114 988 1225 1052 verbis

153 1096 432 1178 dithyramborum
462 1097 650 1160 inanitatem
681 1098 801 1172 irrisit,
831 1097 954 1161 eisdem
982 1096 1164 1178 significare
1191 1103 1226 1160 et

153 1203 302 1283 pingere,
325 1207 356 1266 et
382 1201 536 1282 aligeros,
562 1202 835 1286 versicoloresque
855 1202 970 1266 dicere.
992 1203 1092 1266 Tanta
1113 1209 1224 1266 tamen

153 1319 282 1391 tamque
296 1307 402 1373 vivida
423 1308 477 1373 illa
498 1316 610 1390 arguta
629 1311 698 1390 ejus
724 1312 796 1393 styli
820 1311 1054 1386 blandimenta,
1078 1316 1108 1374 et
1129 1313 1225 1391 quasi

153 1417 293 1493 somnia,
311 1417 455 1481 colorum
474 1424 545 1498 apte
567 1417 794 1498 dispositorum
816 1418 932 1481 llorent
952 1416 1076 1492 laetitia,
1097 1421 1133 1478 ut
1151 1433 1226 1479 car-

154 1523 242 1585 mina
254 1523 344 1606 qnasi
355 1523 481 1589 vultum
495 1524 722 1588 ducantctvita
732 1524 871 1605 vigeant.
883 1523 920 1586 ln
930 1522 1225 1604 Aoihosgarrientia
1271 1552 1277 1567 ·

154 1630 253 1705 dicas,
268 1630 438 1694 arboribus
451 1631 622 1706 comantia,
638 1631 752 1711 pennis
765 1631 866 1711 picta;
881 1631 916 1693 in
930 1632 1078 1705 Nubibus,
1097 1629 1225 1693 roscida

154 1745 185 1802 et
198 1741 345 1813 ventosa;
359 1739 392 1800 in
412 1739 523 1817 Vespls,
540 1737 696 1816 aculeata,
713 1737 752 1800 ad
770 1738 978 1819 pungendum
994 1744 1116 1800 arrecta
1129 1743 1161 1800 et
1174 1737 1224 1800 ri·

154 1846 246 1928 gida;
265 1846 299 1908 in
319 1848 410 1908 lionis
423 1853 494 1909 tum
511 1845 688 1908 arundinea
704 1851 736 1909 et
754 1843 952 1920 ebullientia,
970 1849 1039 1906 turn
1057 1843 1225 1924 graminea

153 1960 185 2015 et
197 1952 274 2015 luna
288 1953 493 2032 gemmantia.
518 1952 590 2014 Haec
605 1951 726 2014 eminet
746 1968 764 2014 e
780 1965 905 2034 quaque
919 1948 1027 2013 labula
1043 1949 1141 2014 veluti
1156 1951 1224 2013 oris
1258 2015 1261 2028 ,

154 2059 349 2136 similitudo;
371 2075 467 2140 quarn
481 2075 545 2121 non
566 2058 700 2122 molitur
718 2063 805 2121 vates
831 2064 887 2121 aut
907 2075 991 2139 aegre
1016 2058 1225 2139 consequitur

154 2166 348 2249 pinguedine
367 2165 510 2229 colorum
529 2170 559 2228 et
579 2165 737 2239 obstinata
756 2165 882 2253 dicendi
900 2165 1112 2229 contentione.
1128 2165 1224 2235 Liber

153 2279 263 2338 contra
281 2279 311 2336 et
324 2270 498 2345 instabilis,
515 2271 590 2335 hinc
607 2271 681 2335 inde
699 2272 825 2348 omnia,
841 2279 878 2336 ut
895 2277 1081 2350 occurrunt,
1095 2271 1221 2352 carpit:

154 2381 254 2461 serpit
274 2379 391 2442 chorus
424 2377 565 2441 Nubinm
586 2379 626 2440 ab
649 2379 793 2443 invocato
820 2380 900 2444 Jove
924 2368 967 2443 ad
985 2379 1224 2459 ‚increpandum

153 2487 319 2562 Cleonem,
342 2503 416 2548 mox
439 2503 496 2565 pro
517 2485 609 2561 luna,
641 2488 772 2564 mutatis
804 2506 861 2569 per
882 2489 1041 2575 Matonem
1058 2478 1173 2550 diebus
1192 2494 1226 2550 et

153 2591 335 2667 mensibus,
367 2591 531 2673 queritur,
560 2595 591 2656 et
617 2611 676 2673 pro
705 2600 813 2675 poeta,
844 2593 878 2655 ni
907 2592 1030 2669 vincat,
1054 2592 1225 2656 minitatur

104 2711 106 2714 ’
153 2698 380 2780 grandinem1;
403 2697 516 2777 Vespae
537 2703 605 2760 tum
628 2699 787 2778 juvenum
807 2703 934 2763 atatem
955 2703 987 2762 et
1007 2715 1114 2762 mores
1132 2715 1225 2780 pnn-

154 2811 244 2894 gunt‚
266 2811 335 2868 turn
350 2821 417 2885 prae
441 2803 592 2884 superbia
607 2804 732 2869 aculeos
754 2807 884 2887 erigunt
908 2824 1007 2888 seque
1030 2806 1081 2869 his
1106 2805 1226 2869 fricant

155 2929 262 2989 senes,
278 2921 346 2974 tum
361 2910 479 2974 aculeis
495 2911 606 2974 Persas
621 2913 654 2974 in
667 2913 852 2977 Marathone
866 2916 1010 2992 urgente
1077 2992 1081 2999 s

194 3018 238 3081 Ne
254 3017 385 3080 dubites
412 3024 519 3080 autem
543 3017 623 3099 quin
645 3019 793 3100 quodque
820 3001 1134 3100 Aristophaneorum
1151 3037 1224 3082 car-

155 3124 282 3186 minum
301 3140 403 3203 genus
422 3123 462 3186 ad
486 3124 728 3204 exprimendam
747 3124 905 3208 aliquam,
926 3143 984 3206 pro
1000 3126 1047 3189 rei
1068 3133 1226 3207 opportu-

155 3232 268 3309 nitate,
284 3230 390 3294 vultus
406 3229 648 3294 similitudinem
663 3233 876 3314 compositum
893 3251 967 3297 vere
983 3233 1033 3310 sit,
1050 3239 1081 3298 et
1096 3232 1137 3296 ab
1153 3234 1225 3313 ipso

155 3345 246 3420 poeta
266 3337 326 3402 hoc
346 3355 385 3400 ex
407 3338 566 3401 industria
586 3339 797 3416 destinatum,
818 3341 938 3404 nedum
955 3357 973 3404 a
988 3340 1113 3421 legente
1135 3331 1227 3403 som*

155 3447 291 3518 niatum,
304 3444 378 3507 huic
392 3444 563 3508 imitationi
576 3446 688 3509 adesse
701 3463 828 3509 musam
843 3446 899 3510 ille
913 3455 1071 3526 precatur,
1083 3463 1223 3521 musam,

51 3554 53 3557 ’
154 3553 298 3632 inquam,
313 3569 406 3614 suam-
415 3551 658 3630 simulatricem,
671 3571 742 3636 quae
753 3554 892 3616 mimum
902 3560 933 3616 et
944 3555 1098 3633 pictorem
1112 3542 1224 3617 refert.

108 3722 112 3730 ,
154 3661 236 3733 Quid
254 3662 403 3723 unrsarn‘.l
420 3668 498 3742 quot
511 3661 636 3725 fabulas
650 3661 761 3744 lingit,
787 3668 832 3726 tot
846 3679 955 3726 musas
979 3662 1119 3737 invocat;
1140 3669 1226 3744 quot

155 3766 338 3832 fabularum
357 3784 424 3844 ora,
445 3774 491 3831 tot
507 3786 687 3834 musarum.
709 3770 923 3834 Acharnensis
939 3786 1031 3832 musa
1048 3772 1137 3848 lpaco
1157 3775 1222 3846 est,

188 4081 209 4128 l.
228 4076 307 4141 Noh,
323 4079 439 4139 adh-62&
457 4078 483 4124 in
499 4077 621 4140 parabasi.
639 4105 666 4114 -
680 4084 703 4129 2.
721 4081 802 4143 resp,
821 4082 967 4142 loculoso,
984 4080 1009 4127 in
1023 4077 1109 4142 parab.
1148 4100 1169 4126 .-
