<?xml version="1.0" encoding="UTF-8"?>
<!DOCTYPE html PUBLIC "-//W3C//DTD XHTML 1.0 Transitional//EN"
    "http://www.w3.org/TR/xhtml1/DTD/xhtml1-transitional.dtd">
<html xmlns="http://www.w3.org/1999/xhtml" xml:lang="en" lang="en">
 <head>
  <title>
</title>
<meta http-equiv="Content-Type" content="text/html;charset=utf-8" />
  <meta name='ocr-system' content='tesseract 3.04.00' />
  <meta name='ocr-capabilities' content='ocr_page ocr_carea ocr_par ocr_line ocrx_word'/>
</head>
<body>
  <div class='ocr_page' id='page_1' title='image "./dechoroetcarmin00marcgoog_0051.png"; bbox 0 0 2768 4746; ppageno 0'>
   <div class='ocr_carea' id='block_1_1' title="bbox 616 336 773 393">
    <p class='ocr_par' dir='ltr' id='par_1_1' title="bbox 616 336 773 393">
     <span class='ocr_line' id='line_1_1' title="bbox 616 336 773 393; baseline 0.006 -15"><span class='ocrx_word' id='word_1_1' title='bbox 616 336 773 393; x_wconf 72' lang='lat' dir='ltr'>-3p·..</span> 
     </span>
    </p>
   </div>
   <div class='ocr_carea' id='block_1_2' title="bbox 89 464 1322 2470">
    <p class='ocr_par' dir='ltr' id='par_1_2' title="bbox 89 464 1322 2470">
     <span class='ocr_line' id='line_1_2' title="bbox 165 464 1230 548; baseline -0.003 -13"><span class='ocrx_word' id='word_1_2' title='bbox 165 470 277 535; x_wconf 83' lang='lat' dir='ltr'>fixum.</span> <span class='ocrx_word' id='word_1_3' title='bbox 295 467 380 531; x_wconf 79' lang='lat' dir='ltr'>Alias</span> <span class='ocrx_word' id='word_1_4' title='bbox 399 465 435 531; x_wconf 90' lang='lat' dir='ltr'>fit</span> <span class='ocrx_word' id='word_1_5' title='bbox 453 465 550 529; x_wconf 89' lang='lat' dir='ltr'>idem.</span> <span class='ocrx_word' id='word_1_6' title='bbox 568 465 723 548; x_wconf 82' lang='lat' dir='ltr'>Trygaeus</span> <span class='ocrx_word' id='word_1_7' title='bbox 736 465 872 529; x_wconf 90' lang='lat' dir='ltr'>chorum</span> <span class='ocrx_word' id='word_1_8' title='bbox 889 464 929 528; x_wconf 91' lang='lat' dir='ltr'>ad</span> <span class='ocrx_word' id='word_1_9' title='bbox 952 465 1064 529; x_wconf 80' lang='lat' dir='ltr'><strong>Pacem</strong></span> <span class='ocrx_word' id='word_1_10' title='bbox 1086 465 1230 532; x_wconf 85' lang='lat' dir='ltr'>adoran·</span> 
     </span>
     <span class='ocr_line' id='line_1_3' title="bbox 165 572 1230 656; baseline -0.005 -15"><span class='ocrx_word' id='word_1_11' title='bbox 165 577 239 641; x_wconf 88' lang='lat' dir='ltr'>dam</span> <span class='ocrx_word' id='word_1_12' title='bbox 253 575 392 639; x_wconf 89' lang='lat' dir='ltr'>invitans</span> <span class='ocrx_word' id='word_1_13' title='bbox 409 573 500 655; x_wconf 83' lang='lat' dir='ltr'>praeit</span> <span class='ocrx_word' id='word_1_14' title='bbox 515 574 583 655; x_wconf 91' lang='lat' dir='ltr'>ipse</span> <span class='ocrx_word' id='word_1_15' title='bbox 603 573 737 637; x_wconf 91' lang='lat' dir='ltr'>minutis</span> <span class='ocrx_word' id='word_1_16' title='bbox 757 572 903 636; x_wconf 89' lang='lat' dir='ltr'>numeris</span> <span class='ocrx_word' id='word_1_17' title='bbox 918 573 957 636; x_wconf 91' lang='lat' dir='ltr'>ad</span> <span class='ocrx_word' id='word_1_18' title='bbox 972 579 1101 638; x_wconf 89' lang='lat' dir='ltr'>cantum</span> <span class='ocrx_word' id='word_1_19' title='bbox 1117 573 1230 656; x_wconf 89' lang='lat' dir='ltr'>dispo-</span> 
     </span>
     <span class='ocr_line' id='line_1_4' title="bbox 166 679 1230 761; baseline 0.002 -17"><span class='ocrx_word' id='word_1_20' title='bbox 166 681 262 744; x_wconf 85' lang='lat' dir='ltr'>sitis¹.</span> <span class='ocrx_word' id='word_1_21' title='bbox 280 681 381 756; x_wconf 88' lang='lat' dir='ltr'><strong>Idem,</strong></span> <span class='ocrx_word' id='word_1_22' title='bbox 397 679 570 759; x_wconf 85' lang='lat' dir='ltr'>incipiente</span> <span class='ocrx_word' id='word_1_23' title='bbox 584 679 704 751; x_wconf 86' lang='lat' dir='ltr'>fabula,</span> <span class='ocrx_word' id='word_1_24' title='bbox 729 679 892 760; x_wconf 82' lang='lat' dir='ltr'>prodierat</span> <span class='ocrx_word' id='word_1_25' title='bbox 914 685 1008 744; x_wconf 89' lang='lat' dir='ltr'>cantu</span> <span class='ocrx_word' id='word_1_26' title='bbox 1027 680 1230 761; x_wconf 82' lang='lat' dir='ltr'>scarabaeum</span> 
     </span>
     <span class='ocr_line' id='line_1_5' title="bbox 164 786 1230 870; baseline 0.001 -20"><span class='ocrx_word' id='word_1_27' title='bbox 164 796 288 870; x_wconf 83' lang='lat' dir='ltr'>regens.</span> <span class='ocrx_word' id='word_1_28' title='bbox 319 786 517 867; x_wconf 87' lang='lat' dir='ltr'>Strepsiades</span> <span class='ocrx_word' id='word_1_29' title='bbox 538 803 605 868; x_wconf 81' lang='lat' dir='ltr'>prae</span> <span class='ocrx_word' id='word_1_30' title='bbox 619 786 736 867; x_wconf 82' lang='lat' dir='ltr'>gaudio</span> <span class='ocrx_word' id='word_1_31' title='bbox 754 792 803 850; x_wconf 89' lang='lat' dir='ltr'>ter</span> <span class='ocrx_word' id='word_1_32' title='bbox 821 792 916 851; x_wconf 91' lang='lat' dir='ltr'>cantu</span> <span class='ocrx_word' id='word_1_33' title='bbox 931 787 1112 868; x_wconf 87' lang='lat' dir='ltr'>interpellat</span> <span class='ocrx_word' id='word_1_34' title='bbox 1125 789 1230 852; x_wconf 92' lang='lat' dir='ltr'>collo·</span> 
     </span>
     <span class='ocr_line' id='line_1_6' title="bbox 162 887 1322 978; baseline 0.001 -20"><span class='ocrx_word' id='word_1_35' title='bbox 162 896 276 978; x_wconf 90' lang='lat' dir='ltr'>quium</span> <span class='ocrx_word' id='word_1_36' title='bbox 291 912 364 958; x_wconf 92' lang='lat' dir='ltr'>cum</span> <span class='ocrx_word' id='word_1_37' title='bbox 379 894 535 958; x_wconf 80' lang='lat' dir='ltr'>Socrate¹.</span> <span class='ocrx_word' id='word_1_38' title='bbox 551 893 626 965; x_wconf 82' lang='lat' dir='ltr'>Quae</span> <span class='ocrx_word' id='word_1_39' title='bbox 643 893 764 956; x_wconf 91' lang='lat' dir='ltr'>cantica</span> <span class='ocrx_word' id='word_1_40' title='bbox 787 893 907 975; x_wconf 91' lang='lat' dir='ltr'>optime</span> <span class='ocrx_word' id='word_1_41' title='bbox 929 910 1004 958; x_wconf 92' lang='lat' dir='ltr'>cum</span> <span class='ocrx_word' id='word_1_42' title='bbox 1021 892 1130 957; x_wconf 86' lang='lat' dir='ltr'>fabula</span> <span class='ocrx_word' id='word_1_43' title='bbox 1147 912 1231 959; x_wconf 86' lang='lat' dir='ltr'>con-</span> <span class='ocrx_word' id='word_1_44' title='bbox 1312 887 1322 893; x_wconf 77' lang='grc'><strong>’</strong></span> 
     </span>
     <span class='ocr_line' id='line_1_7' title="bbox 161 998 1232 1083; baseline 0.002 -20"><span class='ocrx_word' id='word_1_45' title='bbox 161 1005 292 1082; x_wconf 81' lang='lat' dir='ltr'>gruunt.</span> <span class='ocrx_word' id='word_1_46' title='bbox 327 999 506 1082; x_wconf 78' lang='lat' dir='ltr'>Aliquando</span> <span class='ocrx_word' id='word_1_47' title='bbox 529 998 703 1062; x_wconf 91' lang='lat' dir='ltr'>ridiculum</span> <span class='ocrx_word' id='word_1_48' title='bbox 730 1006 760 1063; x_wconf 90' lang='lat' dir='ltr'>et</span> <span class='ocrx_word' id='word_1_49' title='bbox 784 999 928 1080; x_wconf 91' lang='lat' dir='ltr'>lepidum</span> <span class='ocrx_word' id='word_1_50' title='bbox 952 1000 1074 1083; x_wconf 90' lang='lat' dir='ltr'>aliquid</span> <span class='ocrx_word' id='word_1_51' title='bbox 1097 1019 1135 1065; x_wconf 80' lang='lat' dir='ltr'>ex</span> <span class='ocrx_word' id='word_1_52' title='bbox 1157 1000 1232 1083; x_wconf 89' lang='lat' dir='ltr'>ipso</span> 
     </span>
     <span class='ocr_line' id='line_1_8' title="bbox 161 1102 1232 1189; baseline -0.002 -17"><span class='ocrx_word' id='word_1_53' title='bbox 161 1113 255 1172; x_wconf 91' lang='lat' dir='ltr'>cantu</span> <span class='ocrx_word' id='word_1_54' title='bbox 270 1107 403 1188; x_wconf 87' lang='lat' dir='ltr'>petitur,</span> <span class='ocrx_word' id='word_1_55' title='bbox 418 1105 468 1168; x_wconf 89' lang='lat' dir='ltr'>vel</span> <span class='ocrx_word' id='word_1_56' title='bbox 477 1105 504 1167; x_wconf 90' lang='lat' dir='ltr'>si</span> <span class='ocrx_word' id='word_1_57' title='bbox 519 1106 628 1169; x_wconf 89' lang='lat' dir='ltr'>minus</span> <span class='ocrx_word' id='word_1_58' title='bbox 642 1106 741 1183; x_wconf 85' lang='lat' dir='ltr'>faceta</span> <span class='ocrx_word' id='word_1_59' title='bbox 755 1105 819 1169; x_wconf 93' lang='lat' dir='ltr'>sint</span> <span class='ocrx_word' id='word_1_60' title='bbox 832 1123 903 1189; x_wconf 77' lang='lat' dir='ltr'>quae</span> <span class='ocrx_word' id='word_1_61' title='bbox 920 1113 1090 1172; x_wconf 88' lang='lat' dir='ltr'>canuntur.</span> <span class='ocrx_word' id='word_1_62' title='bbox 1104 1109 1142 1172; x_wconf 94' lang='lat' dir='ltr'>In</span> <span class='ocrx_word' id='word_1_63' title='bbox 1151 1102 1232 1171; x_wconf 76' lang='lat' dir='ltr'>Aoi-</span> 
     </span>
     <span class='ocr_line' id='line_1_9' title="bbox 162 1193 1227 1295; baseline 0 -18"><span class='ocrx_word' id='word_1_64' title='bbox 162 1216 216 1278; x_wconf 85' lang='lat' dir='ltr'>bor</span> <span class='ocrx_word' id='word_1_65' title='bbox 231 1214 366 1278; x_wconf 82' lang='lat' dir='ltr'>ridicule</span> <span class='ocrx_word' id='word_1_66' title='bbox 383 1213 538 1290; x_wconf 84' lang='lat' dir='ltr'>Ginesias,</span> <span class='ocrx_word' id='word_1_67' title='bbox 556 1212 793 1293; x_wconf 92' lang='lat' dir='ltr'>inopportunus</span> <span class='ocrx_word' id='word_1_68' title='bbox 807 1219 884 1277; x_wconf 93' lang='lat' dir='ltr'>tunc</span> <span class='ocrx_word' id='word_1_69' title='bbox 898 1193 1136 1295; x_wconf 58' lang='lat' dir='ltr'>iesupephnoldc,</span> <span class='ocrx_word' id='word_1_70' title='bbox 1150 1231 1227 1277; x_wconf 91' lang='lat' dir='ltr'>can·</span> 
     </span>
     <span class='ocr_line' id='line_1_10' title="bbox 159 1310 1229 1401; baseline -0.002 -15"><span class='ocrx_word' id='word_1_71' title='bbox 159 1310 248 1387; x_wconf 86' lang='lat' dir='ltr'>tibus&#39;</span> <span class='ocrx_word' id='word_1_72' title='bbox 260 1323 325 1384; x_wconf 88' lang='lat' dir='ltr'>&#39;non</span> <span class='ocrx_word' id='word_1_73' title='bbox 336 1327 485 1385; x_wconf 83' lang='lat' dir='ltr'>canentes</span> <span class='ocrx_word' id='word_1_74' title='bbox 499 1319 717 1401; x_wconf 78' lang='lat' dir='ltr'>aggreditur⁸3</span> <span class='ocrx_word' id='word_1_75' title='bbox 734 1318 869 1384; x_wconf 91' lang='lat' dir='ltr'>ridicule</span> <span class='ocrx_word' id='word_1_76' title='bbox 877 1320 1091 1385; x_wconf 89' lang='lat' dir='ltr'>Mnesilochus</span> <span class='ocrx_word' id='word_1_77' title='bbox 1101 1321 1229 1385; x_wconf 89' lang='lat' dir='ltr'>revinc-</span> 
     </span>
     <span class='ocr_line' id='line_1_11' title="bbox 161 1425 1229 1509; baseline -0.002 -16"><span class='ocrx_word' id='word_1_78' title='bbox 161 1434 231 1505; x_wconf 88' lang='lat' dir='ltr'>tus,</span> <span class='ocrx_word' id='word_1_79' title='bbox 260 1427 456 1509; x_wconf 82' lang='lat' dir='ltr'>excogitato,</span> <span class='ocrx_word' id='word_1_80' title='bbox 481 1431 518 1489; x_wconf 91' lang='lat' dir='ltr'>ut</span> <span class='ocrx_word' id='word_1_81' title='bbox 540 1425 713 1500; x_wconf 74' lang='lat' dir='ltr'>liberetur,</span> <span class='ocrx_word' id='word_1_82' title='bbox 735 1425 1069 1508; x_wconf 81' lang='lat' dir='ltr'>artificioetragoedia</span> <span class='ocrx_word' id='word_1_83' title='bbox 1084 1435 1229 1509; x_wconf 87' lang='lat' dir='ltr'>sumpto,</span> 
     </span>
     <span class='ocr_line' id='line_1_12' title="bbox 161 1530 1233 1614; baseline -0.001 -17"><span class='ocrx_word' id='word_1_84' title='bbox 161 1535 270 1597; x_wconf 84' lang='lat' dir='ltr'>mixtis</span> <span class='ocrx_word' id='word_1_85' title='bbox 282 1533 360 1614; x_wconf 85' lang='lat' dir='ltr'>jocis</span> <span class='ocrx_word' id='word_1_86' title='bbox 371 1537 402 1596; x_wconf 90' lang='lat' dir='ltr'>et</span> <span class='ocrx_word' id='word_1_87' title='bbox 411 1531 578 1614; x_wconf 88' lang='lat' dir='ltr'>questibus</span> <span class='ocrx_word' id='word_1_88' title='bbox 590 1531 755 1593; x_wconf 90' lang='lat' dir='ltr'>ministras</span> <span class='ocrx_word' id='word_1_89' title='bbox 768 1530 893 1595; x_wconf 88' lang='lat' dir='ltr'>artificii</span> <span class='ocrx_word' id='word_1_90' title='bbox 907 1549 1023 1596; x_wconf 91' lang='lat' dir='ltr'>manus</span> <span class='ocrx_word' id='word_1_91' title='bbox 1037 1539 1131 1597; x_wconf 92' lang='lat' dir='ltr'>cantu</span> <span class='ocrx_word' id='word_1_92' title='bbox 1147 1533 1233 1597; x_wconf 89' lang='lat' dir='ltr'>allo-</span> 
     </span>
     <span class='ocr_line' id='line_1_13' title="bbox 160 1636 1229 1724; baseline -0.001 -20"><span class='ocrx_word' id='word_1_93' title='bbox 160 1641 301 1724; x_wconf 71' lang='lat' dir='ltr'>quitur⁴3</span> <span class='ocrx_word' id='word_1_94' title='bbox 330 1637 464 1702; x_wconf 89' lang='lat' dir='ltr'>ridicule</span> <span class='ocrx_word' id='word_1_95' title='bbox 490 1637 689 1718; x_wconf 88' lang='lat' dir='ltr'>Strepsiades</span> <span class='ocrx_word' id='word_1_96' title='bbox 714 1636 806 1701; x_wconf 91' lang='lat' dir='ltr'>humi</span> <span class='ocrx_word' id='word_1_97' title='bbox 831 1644 967 1716; x_wconf 90' lang='lat' dir='ltr'>stratus,</span> <span class='ocrx_word' id='word_1_98' title='bbox 995 1639 1229 1704; x_wconf 88' lang='lat' dir='ltr'>initiandorum</span> 
     </span>
     <span class='ocr_line' id='line_1_14' title="bbox 160 1734 1242 1828; baseline 0.003 -16"><span class='ocrx_word' id='word_1_99' title='bbox 160 1765 261 1825; x_wconf 92' lang='lat' dir='ltr'>more,</span> <span class='ocrx_word' id='word_1_100' title='bbox 277 1736 445 1811; x_wconf 86' lang='lat' dir='ltr'>cimicibus</span> <span class='ocrx_word' id='word_1_101' title='bbox 460 1744 557 1807; x_wconf 91' lang='lat' dir='ltr'>simul</span> <span class='ocrx_word' id='word_1_102' title='bbox 578 1749 608 1807; x_wconf 91' lang='lat' dir='ltr'>et</span> <span class='ocrx_word' id='word_1_103' title='bbox 629 1743 839 1808; x_wconf 89' lang='lat' dir='ltr'>creditoribus</span> <span class='ocrx_word' id='word_1_104' title='bbox 854 1734 888 1808; x_wconf 80' lang='lat' dir='ltr'>s&#39;e</span> <span class='ocrx_word' id='word_1_105' title='bbox 900 1752 1045 1810; x_wconf 90' lang='lat' dir='ltr'>voratum</span> <span class='ocrx_word' id='word_1_106' title='bbox 1059 1746 1148 1828; x_wconf 84' lang='lat' dir='ltr'>luget</span> <span class='ocrx_word' id='word_1_107' title='bbox 1158 1761 1242 1815; x_wconf 50' lang='lat' dir='ltr'>naeu</span> 
     </span>
     <span class='ocr_line' id='line_1_15' title="bbox 159 1840 1231 1935; baseline 0 -18"><span class='ocrx_word' id='word_1_108' title='bbox 159 1854 231 1930; x_wconf 89' lang='lat' dir='ltr'>nia,</span> <span class='ocrx_word' id='word_1_109' title='bbox 259 1854 298 1917; x_wconf 92' lang='lat' dir='ltr'>ad</span> <span class='ocrx_word' id='word_1_110' title='bbox 317 1852 403 1935; x_wconf 92' lang='lat' dir='ltr'>quod</span> <span class='ocrx_word' id='word_1_111' title='bbox 425 1852 584 1916; x_wconf 90' lang='lat' dir='ltr'>canticum</span> <span class='ocrx_word' id='word_1_112' title='bbox 604 1858 718 1932; x_wconf 90' lang='lat' dir='ltr'>sponte</span> <span class='ocrx_word' id='word_1_113' title='bbox 735 1851 863 1915; x_wconf 91' lang='lat' dir='ltr'>ducitur</span> <span class='ocrx_word' id='word_1_114' title='bbox 879 1858 970 1915; x_wconf 89' lang='lat' dir='ltr'>acuta</span> <span class='ocrx_word' id='word_1_115' title='bbox 983 1861 1014 1916; x_wconf 89' lang='lat' dir='ltr'>et</span> <span class='ocrx_word' id='word_1_116' title='bbox 1027 1852 1126 1917; x_wconf 81' lang='lat' dir='ltr'>flebili</span> <span class='ocrx_word' id='word_1_117' title='bbox 1141 1840 1231 1917; x_wconf 89' lang='lat' dir='ltr'>vocis</span> 
     </span>
     <span class='ocr_line' id='line_1_16' title="bbox 160 1958 1230 2041; baseline 0 -16"><span class='ocrx_word' id='word_1_118' title='bbox 160 1979 243 2038; x_wconf 83' lang='lat' dir='ltr'>suae,</span> <span class='ocrx_word' id='word_1_119' title='bbox 275 1960 354 2024; x_wconf 93' lang='lat' dir='ltr'>dum</span> <span class='ocrx_word' id='word_1_120' title='bbox 376 1960 490 2041; x_wconf 83' lang='lat' dir='ltr'>gemit,</span> <span class='ocrx_word' id='word_1_121' title='bbox 520 1959 718 2023; x_wconf 81' lang='lat' dir='ltr'>inflexione⁸.</span> <span class='ocrx_word' id='word_1_122' title='bbox 753 1958 845 2023; x_wconf 92' lang='lat' dir='ltr'>lllam</span> <span class='ocrx_word' id='word_1_123' title='bbox 872 1960 1007 2023; x_wconf 91' lang='lat' dir='ltr'>canendi</span> <span class='ocrx_word' id='word_1_124' title='bbox 1041 1959 1230 2025; x_wconf 84' lang='lat' dir='ltr'>varietatem</span> 
     </span>
     <span class='ocr_line' id='line_1_17' title="bbox 159 2059 1230 2147; baseline -0.001 -14"><span class='ocrx_word' id='word_1_125' title='bbox 159 2067 298 2133; x_wconf 85' lang='lat' dir='ltr'>maxime</span> <span class='ocrx_word' id='word_1_126' title='bbox 317 2066 504 2146; x_wconf 88' lang='lat' dir='ltr'>suppetebat</span> <span class='ocrx_word' id='word_1_127' title='bbox 523 2065 768 2146; x_wconf 84' lang='lat' dir='ltr'>peregrinamm</span> <span class='ocrx_word' id='word_1_128' title='bbox 790 2059 1002 2147; x_wconf 89' lang='lat' dir='ltr'>personarum</span> <span class='ocrx_word' id='word_1_129' title='bbox 1030 2074 1105 2132; x_wconf 89' lang='lat' dir='ltr'>nota</span> <span class='ocrx_word' id='word_1_130' title='bbox 1132 2067 1230 2132; x_wconf 88' lang='lat' dir='ltr'>nobis</span> 
     </span>
     <span class='ocr_line' id='line_1_18' title="bbox 89 2170 1289 2253; baseline 0.009 -19"><span class='ocrx_word' id='word_1_131' title='bbox 89 2228 95 2234; x_wconf 92' lang='lat'>.</span> <span class='ocrx_word' id='word_1_132' title='bbox 158 2173 322 2239; x_wconf 87' lang='lat' dir='ltr'>exhibitio.</span> <span class='ocrx_word' id='word_1_133' title='bbox 352 2171 479 2236; x_wconf 74' lang='lat' dir='ltr'>Arbitio</span> <span class='ocrx_word' id='word_1_134' title='bbox 497 2170 629 2235; x_wconf 89' lang='lat' dir='ltr'>sedente</span> <span class='ocrx_word' id='word_1_135' title='bbox 654 2171 855 2250; x_wconf 85' lang='lat' dir='ltr'>Pisthetaero,</span> <span class='ocrx_word' id='word_1_136' title='bbox 881 2173 997 2253; x_wconf 85' lang='lat' dir='ltr'>longus</span> <span class='ocrx_word' id='word_1_137' title='bbox 1029 2175 1108 2237; x_wconf 87' lang='lat' dir='ltr'>ordo</span> <span class='ocrx_word' id='word_1_138' title='bbox 1136 2175 1230 2240; x_wconf 86' lang='lat' dir='ltr'>adest</span> <span class='ocrx_word' id='word_1_139' title='bbox 1283 2237 1289 2245; x_wconf 90' lang='lat'>.</span> 
     </span>
     <span class='ocr_line' id='line_1_19' title="bbox 160 2278 1230 2361; baseline 0 -15"><span class='ocrx_word' id='word_1_140' title='bbox 160 2279 451 2361; x_wconf 85' lang='lat' dir='ltr'>concupiscentium</span> <span class='ocrx_word' id='word_1_141' title='bbox 483 2278 567 2354; x_wconf 91' lang='lat' dir='ltr'>alas,</span> <span class='ocrx_word' id='word_1_142' title='bbox 598 2295 736 2358; x_wconf 91' lang='lat' dir='ltr'>quorum</span> <span class='ocrx_word' id='word_1_143' title='bbox 768 2278 822 2342; x_wconf 92' lang='lat' dir='ltr'>alii</span> <span class='ocrx_word' id='word_1_144' title='bbox 851 2279 957 2343; x_wconf 89' lang='lat' dir='ltr'>sedate</span> <span class='ocrx_word' id='word_1_145' title='bbox 991 2281 1140 2360; x_wconf 92' lang='lat' dir='ltr'>veniunt,</span> <span class='ocrx_word' id='word_1_146' title='bbox 1171 2282 1230 2346; x_wconf 86' lang='lat' dir='ltr'>alii</span> 
     </span>
     <span class='ocr_line' id='line_1_20' title="bbox 154 2371 1229 2470; baseline 0 -17"><span class='ocrx_word' id='word_1_147' title='bbox 154 2391 222 2470; x_wconf 89' lang='lat' dir='ltr'>jam</span> <span class='ocrx_word' id='word_1_148' title='bbox 250 2381 425 2466; x_wconf 84' lang='lat' dir='ltr'>praevolant</span> <span class='ocrx_word' id='word_1_149' title='bbox 452 2389 650 2466; x_wconf 83' lang='lat' dir='ltr'>canantque,</span> <span class='ocrx_word' id='word_1_150' title='bbox 675 2371 803 2467; x_wconf 88' lang='lat' dir='ltr'>adjutus</span> <span class='ocrx_word' id='word_1_151' title='bbox 827 2385 880 2450; x_wconf 91' lang='lat' dir='ltr'>ille</span> <span class='ocrx_word' id='word_1_152' title='bbox 899 2386 1069 2467; x_wconf 91' lang='lat' dir='ltr'>Sophocle,</span> <span class='ocrx_word' id='word_1_153' title='bbox 1092 2387 1144 2453; x_wconf 93' lang='lat' dir='ltr'>hic</span> <span class='ocrx_word' id='word_1_154' title='bbox 1169 2390 1229 2453; x_wconf 79' lang='lat' dir='ltr'>Al-</span> 
     </span>
    </p>
   </div>
   <div class='ocr_carea' id='block_1_3' title="bbox 154 2499 1312 3862">
    <p class='ocr_par' dir='ltr' id='par_1_3' title="bbox 157 2499 252 2561">
     <span class='ocr_line' id='line_1_21' title="bbox 157 2499 252 2561; baseline 0 0"><span class='ocrx_word' id='word_1_155' title='bbox 157 2499 252 2561; x_wconf 85' lang='lat' dir='ltr'>caeo⁶.</span> 
     </span>
    </p>

    <p class='ocr_par' dir='ltr' id='par_1_4' title="bbox 155 2603 1312 3544">
     <span class='ocr_line' id='line_1_22' title="bbox 197 2603 1226 2687; baseline 0.004 -19"><span class='ocrx_word' id='word_1_156' title='bbox 197 2605 297 2677; x_wconf 79' lang='lat' dir='ltr'>(luam</span> <span class='ocrx_word' id='word_1_157' title='bbox 312 2606 498 2668; x_wconf 88' lang='lat' dir='ltr'>varietatem</span> <span class='ocrx_word' id='word_1_158' title='bbox 510 2603 584 2686; x_wconf 85' lang='lat' dir='ltr'>jure</span> <span class='ocrx_word' id='word_1_159' title='bbox 600 2606 740 2670; x_wconf 83' lang='lat' dir='ltr'>dixerim</span> <span class='ocrx_word' id='word_1_160' title='bbox 751 2604 968 2687; x_wconf 89' lang='lat' dir='ltr'>duplicatam,</span> <span class='ocrx_word' id='word_1_161' title='bbox 990 2623 1064 2670; x_wconf 92' lang='lat' dir='ltr'>cum</span> <span class='ocrx_word' id='word_1_162' title='bbox 1080 2606 1164 2671; x_wconf 89' lang='lat' dir='ltr'>inter</span> <span class='ocrx_word' id='word_1_163' title='bbox 1177 2626 1226 2684; x_wconf 87' lang='lat' dir='ltr'>se,</span> 
     </span>
     <span class='ocr_line' id='line_1_23' title="bbox 156 2711 1227 2797; baseline 0.003 -22"><span class='ocrx_word' id='word_1_164' title='bbox 156 2711 304 2793; x_wconf 86' lang='lat' dir='ltr'>colloquii</span> <span class='ocrx_word' id='word_1_165' title='bbox 319 2711 430 2788; x_wconf 88' lang='lat' dir='ltr'>instar,</span> <span class='ocrx_word' id='word_1_166' title='bbox 449 2711 532 2774; x_wconf 88' lang='lat' dir='ltr'>alius</span> <span class='ocrx_word' id='word_1_167' title='bbox 547 2716 620 2792; x_wconf 93' lang='lat' dir='ltr'>post</span> <span class='ocrx_word' id='word_1_168' title='bbox 637 2711 757 2790; x_wconf 90' lang='lat' dir='ltr'>alium,</span> <span class='ocrx_word' id='word_1_169' title='bbox 778 2719 929 2776; x_wconf 87' lang='lat' dir='ltr'>canerent</span> <span class='ocrx_word' id='word_1_170' title='bbox 945 2721 1081 2791; x_wconf 86' lang='lat' dir='ltr'>actores,</span> <span class='ocrx_word' id='word_1_171' title='bbox 1096 2721 1132 2778; x_wconf 91' lang='lat' dir='ltr'>ut</span> <span class='ocrx_word' id='word_1_172' title='bbox 1145 2715 1227 2797; x_wconf 74' lang='lat' dir='ltr'>Try-</span> 
     </span>
     <span class='ocr_line' id='line_1_24' title="bbox 157 2819 1227 2901; baseline 0.003 -18"><span class='ocrx_word' id='word_1_173' title='bbox 157 2838 244 2901; x_wconf 84' lang='lat' dir='ltr'>gaeus</span> <span class='ocrx_word' id='word_1_174' title='bbox 256 2819 390 2901; x_wconf 86' lang='lat' dir='ltr'>ejusque</span> <span class='ocrx_word' id='word_1_175' title='bbox 407 2819 502 2883; x_wconf 92' lang='lat' dir='ltr'>servi.</span> <span class='ocrx_word' id='word_1_176' title='bbox 519 2819 614 2896; x_wconf 82' lang='lat' dir='ltr'>Quid,</span> <span class='ocrx_word' id='word_1_177' title='bbox 627 2836 700 2883; x_wconf 90' lang='lat' dir='ltr'>eum</span> <span class='ocrx_word' id='word_1_178' title='bbox 712 2837 776 2883; x_wconf 91' lang='lat' dir='ltr'>non</span> <span class='ocrx_word' id='word_1_179' title='bbox 792 2820 977 2895; x_wconf 90' lang='lat' dir='ltr'>concordes,</span> <span class='ocrx_word' id='word_1_180' title='bbox 992 2820 1048 2883; x_wconf 90' lang='lat' dir='ltr'>sed</span> <span class='ocrx_word' id='word_1_181' title='bbox 1063 2820 1227 2886; x_wconf 88' lang='lat' dir='ltr'>discordes</span> 
     </span>
     <span class='ocr_line' id='line_1_25' title="bbox 157 2925 1226 3010; baseline 0.003 -20"><span class='ocrx_word' id='word_1_182' title='bbox 157 2928 202 2991; x_wconf 89' lang='lat' dir='ltr'>sic</span> <span class='ocrx_word' id='word_1_183' title='bbox 214 2933 375 3003; x_wconf 86' lang='lat' dir='ltr'>canerent,</span> <span class='ocrx_word' id='word_1_184' title='bbox 385 2931 508 2990; x_wconf 90' lang='lat' dir='ltr'>etesset</span> <span class='ocrx_word' id='word_1_185' title='bbox 519 2942 578 3006; x_wconf 90' lang='lat' dir='ltr'>pro</span> <span class='ocrx_word' id='word_1_186' title='bbox 589 2925 756 2990; x_wconf 89' lang='lat' dir='ltr'>alternatio</span> <span class='ocrx_word' id='word_1_187' title='bbox 769 2927 946 2990; x_wconf 81' lang='lat' dir='ltr'>altercatio?</span> <span class='ocrx_word' id='word_1_188' title='bbox 960 2928 1066 3010; x_wconf 92' lang='lat' dir='ltr'>Neque</span> <span class='ocrx_word' id='word_1_189' title='bbox 1075 2946 1119 2992; x_wconf 83' lang='lat' dir='ltr'>eae</span> <span class='ocrx_word' id='word_1_190' title='bbox 1130 2929 1226 2993; x_wconf 90' lang='lat' dir='ltr'>citius</span> 
     </span>
     <span class='ocr_line' id='line_1_26' title="bbox 158 3030 1227 3115; baseline 0.005 -19"><span class='ocrx_word' id='word_1_191' title='bbox 158 3049 273 3115; x_wconf 81' lang='lat' dir='ltr'>pugnae</span> <span class='ocrx_word' id='word_1_192' title='bbox 283 3030 556 3095; x_wconf 89' lang='lat' dir='ltr'>concludebantur</span> <span class='ocrx_word' id='word_1_193' title='bbox 568 3049 576 3094; x_wconf 91' lang='lat'><strong>:</strong></span> <span class='ocrx_word' id='word_1_194' title='bbox 589 3030 644 3095; x_wconf 90' lang='lat' dir='ltr'>diu</span> <span class='ocrx_word' id='word_1_195' title='bbox 656 3033 835 3096; x_wconf 89' lang='lat' dir='ltr'>missilibus</span> <span class='ocrx_word' id='word_1_196' title='bbox 851 3033 1063 3102; x_wconf 89' lang='lat' dir='ltr'>hemistichiis</span> <span class='ocrx_word' id='word_1_197' title='bbox 1075 3044 1227 3102; x_wconf 88' lang='lat' dir='ltr'>canentes</span> 
     </span>
     <span class='ocr_line' id='line_1_27' title="bbox 158 3137 1312 3220; baseline -0.003 -18"><span class='ocrx_word' id='word_1_198' title='bbox 158 3158 227 3204; x_wconf 91' lang='lat' dir='ltr'>sese</span> <span class='ocrx_word' id='word_1_199' title='bbox 243 3138 403 3202; x_wconf 89' lang='lat' dir='ltr'>lacessunt</span> <span class='ocrx_word' id='word_1_200' title='bbox 415 3137 526 3207; x_wconf 87' lang='lat' dir='ltr'>Justus</span> <span class='ocrx_word' id='word_1_201' title='bbox 541 3141 572 3200; x_wconf 89' lang='lat' dir='ltr'>et</span> <span class='ocrx_word' id='word_1_202' title='bbox 586 3137 748 3216; x_wconf 84' lang='lat' dir='ltr'>Injirstus;</span> <span class='ocrx_word' id='word_1_203' title='bbox 765 3138 835 3215; x_wconf 89' lang='lat' dir='ltr'>diu,</span> <span class='ocrx_word' id='word_1_204' title='bbox 855 3157 929 3202; x_wconf 93' lang='lat' dir='ltr'>cum</span> <span class='ocrx_word' id='word_1_205' title='bbox 946 3139 1068 3220; x_wconf 90' lang='lat' dir='ltr'>maj0re</span> <span class='ocrx_word' id='word_1_206' title='bbox 1082 3141 1180 3205; x_wconf 86' lang='lat' dir='ltr'>etiam</span> <span class='ocrx_word' id='word_1_207' title='bbox 1193 3149 1227 3205; x_wconf 91' lang='lat' dir='ltr'>et</span> <span class='ocrx_word' id='word_1_208' title='bbox 1303 3176 1312 3199; x_wconf 88' lang='lat'>.</span> 
     </span>
     <span class='ocr_line' id='line_1_28' title="bbox 155 3243 1225 3327; baseline 0 -15"><span class='ocrx_word' id='word_1_209' title='bbox 155 3247 316 3312; x_wconf 82' lang='lat' dir='ltr'>festiviore</span> <span class='ocrx_word' id='word_1_210' title='bbox 331 3243 508 3327; x_wconf 90' lang='lat' dir='ltr'>spectaculo</span> <span class='ocrx_word' id='word_1_211' title='bbox 522 3249 553 3308; x_wconf 90' lang='lat' dir='ltr'>et</span> <span class='ocrx_word' id='word_1_212' title='bbox 567 3243 709 3322; x_wconf 79' lang='lat' dir='ltr'>habituS,</span> <span class='ocrx_word' id='word_1_213' title='bbox 728 3246 809 3325; x_wconf 89' lang='lat' dir='ltr'>oris,</span> <span class='ocrx_word' id='word_1_214' title='bbox 831 3251 956 3326; x_wconf 29' lang='lat' dir='ltr'>ffgestus</span> <span class='ocrx_word' id='word_1_215' title='bbox 978 3247 1225 3325; x_wconf 89' lang='lat' dir='ltr'>sententiarum,</span> 
     </span>
     <span class='ocr_line' id='line_1_29' title="bbox 155 3341 1226 3466; baseline -0.002 -47"><span class='ocrx_word' id='word_1_216' title='bbox 155 3363 267 3419; x_wconf 88' lang='lat' dir='ltr'>cantus</span> <span class='ocrx_word' id='word_1_217' title='bbox 280 3351 495 3435; x_wconf 85' lang='lat' dir='ltr'>opposrtrone</span> <span class='ocrx_word' id='word_1_218' title='bbox 512 3351 588 3414; x_wconf 94' lang='lat' dir='ltr'>h1nc</span> <span class='ocrx_word' id='word_1_219' title='bbox 599 3351 799 3432; x_wconf 80' lang='lat' dir='ltr'>Dicaeopohs</span> <span class='ocrx_word' id='word_1_220' title='bbox 817 3341 907 3415; x_wconf 88' lang='lat' dir='ltr'>illinc</span> <span class='ocrx_word' id='word_1_221' title='bbox 922 3352 1117 3431; x_wconf 85' lang='lat' dir='ltr'>Lamachus,</span> <span class='ocrx_word' id='word_1_222' title='bbox 1138 3373 1226 3466; x_wconf 89' lang='lat' dir='ltr'>unus</span> 
     </span>
     <span class='ocr_line' id='line_1_30' title="bbox 156 3456 837 3557; baseline -0.009 -30"><span class='ocrx_word' id='word_1_223' title='bbox 156 3460 297 3557; x_wconf 81' lang='lat' dir='ltr'>gaudens</span> <span class='ocrx_word' id='word_1_224' title='bbox 312 3456 475 3547; x_wconf 85' lang='lat' dir='ltr'>conviviis,</span> <span class='ocrx_word' id='word_1_225' title='bbox 492 3456 573 3520; x_wconf 90' lang='lat' dir='ltr'>alter</span> <span class='ocrx_word' id='word_1_226' title='bbox 585 3457 700 3538; x_wconf 82' lang='lat' dir='ltr'>lugens</span> <span class='ocrx_word' id='word_1_227' title='bbox 715 3458 837 3555; x_wconf 85' lang='lat' dir='ltr'>praelia.</span> 
     </span>
    </p>

    <p class='ocr_par' dir='ltr' id='par_1_5' title="bbox 154 3548 1226 3862">
     <span class='ocr_line' id='line_1_31' title="bbox 197 3548 1225 3663; baseline -0.003 -29"><span class='ocrx_word' id='word_1_228' title='bbox 197 3548 275 3635; x_wconf 84' lang='lat' dir='ltr'>Gont</span> <span class='ocrx_word' id='word_1_229' title='bbox 276 3565 406 3649; x_wconf 80' lang='lat' dir='ltr'>ingebat</span> <span class='ocrx_word' id='word_1_230' title='bbox 392 3556 521 3629; x_wconf 86' lang='lat' dir='ltr'>tetiam</span> <span class='ocrx_word' id='word_1_231' title='bbox 542 3570 576 3627; x_wconf 89' lang='lat' dir='ltr'>ut</span> <span class='ocrx_word' id='word_1_232' title='bbox 592 3565 805 3629; x_wconf 84' lang='lat' dir='ltr'>necessitate</span> <span class='ocrx_word' id='word_1_233' title='bbox 797 3583 866 3646; x_wconf 81' lang='lat' dir='ltr'>ipsa</span> <span class='ocrx_word' id='word_1_234' title='bbox 880 3565 996 3631; x_wconf 88' lang='lat' dir='ltr'>fabulae</span> <span class='ocrx_word' id='word_1_235' title='bbox 1010 3565 1225 3663; x_wconf 81' lang='lat' dir='ltr'>adduceretur</span> 
     </span>
     <span class='ocr_line' id='line_1_32' title="bbox 154 3649 1226 3768; baseline 0 -30"><span class='ocrx_word' id='word_1_236' title='bbox 154 3649 210 3740; x_wconf 91' lang='lat' dir='ltr'>illa</span> <span class='ocrx_word' id='word_1_237' title='bbox 230 3673 413 3740; x_wconf 88' lang='lat' dir='ltr'>canentium</span> <span class='ocrx_word' id='word_1_238' title='bbox 436 3671 621 3755; x_wconf 88' lang='lat' dir='ltr'>responsio,</span> <span class='ocrx_word' id='word_1_239' title='bbox 649 3673 747 3754; x_wconf 89' lang='lat' dir='ltr'>quam</span> <span class='ocrx_word' id='word_1_240' title='bbox 772 3668 995 3737; x_wconf 83' lang='lat' dir='ltr'>necessitatem</span> <span class='ocrx_word' id='word_1_241' title='bbox 1013 3663 1080 3738; x_wconf 80' lang='lat' dir='ltr'>aon</span> <span class='ocrx_word' id='word_1_242' title='bbox 1103 3666 1226 3768; x_wconf 87' lang='lat' dir='ltr'>parvus</span> 
     </span>
     <span class='ocr_line' id='line_1_33' title="bbox 156 3776 1224 3862; baseline 0 -16"><span class='ocrx_word' id='word_1_243' title='bbox 156 3782 333 3847; x_wconf 81' lang='lat' dir='ltr'>festivitatis</span> <span class='ocrx_word' id='word_1_244' title='bbox 357 3779 446 3862; x_wconf 94' lang='lat' dir='ltr'>lepos</span> <span class='ocrx_word' id='word_1_245' title='bbox 473 3778 698 3860; x_wconf 89' lang='lat' dir='ltr'>consequitur,</span> <span class='ocrx_word' id='word_1_246' title='bbox 728 3795 786 3841; x_wconf 91' lang='lat' dir='ltr'>nec</span> <span class='ocrx_word' id='word_1_247' title='bbox 819 3776 911 3860; x_wconf 85' lang='lat' dir='ltr'>piget</span> <span class='ocrx_word' id='word_1_248' title='bbox 944 3797 1020 3844; x_wconf 90' lang='lat' dir='ltr'>sane</span> <span class='ocrx_word' id='word_1_249' title='bbox 1054 3781 1224 3847; x_wconf 83' lang='lat' dir='ltr'>audientes</span> 
     </span>
    </p>
   </div>
   <div class='ocr_carea' id='block_1_4' title="bbox 152 4009 1222 4175">
    <p class='ocr_par' dir='ltr' id='par_1_6' title="bbox 152 4009 1222 4160">
     <span class='ocr_line' id='line_1_34' title="bbox 189 4009 1222 4095; baseline 0.002 -12"><span class='ocrx_word' id='word_1_250' title='bbox 189 4009 947 4095; x_wconf 22' lang='lat' dir='ltr'>affraenata-aNec.,1154sqq.-..3lv,.-1ma</span> <span class='ocrx_word' id='word_1_251' title='bbox 960 4035 982 4081; x_wconf 80' lang='lat' dir='ltr'>l.</span> <span class='ocrx_word' id='word_1_252' title='bbox 1006 4031 1120 4080; x_wconf 79' lang='lat' dir='ltr'>Tleeam.</span> <span class='ocrx_word' id='word_1_253' title='bbox 1111 4036 1222 4094; x_wconf 77' lang='lat' dir='ltr'>,liu—</span> 
     </span>
     <span class='ocr_line' id='line_1_35' title="bbox 152 4108 914 4175; baseline -0.009 -15"><span class='ocrx_word' id='word_1_254' title='bbox 152 4112 265 4175; x_wconf 84' lang='lat' dir='ltr'>5..,Nacb</span> <span class='ocrx_word' id='word_1_255' title='bbox 281 4113 335 4162; x_wconf 87' lang='grc'><strong>70.9</strong></span> <span class='ocrx_word' id='word_1_256' title='bbox 350 4108 669 4170; x_wconf 35' lang='lat' dir='ltr'>omlo,1337‚1410.</span> <span class='ocrx_word' id='word_1_257' title='bbox 913 4131 914 4135; x_wconf 61' lang='lat'><em>=</em></span> 
     </span>
    </p>
   </div>
   <div class='ocr_carea' id='block_1_5' title="bbox 0 0 1388 4746">
    <p class='ocr_par' dir='ltr' id='par_1_7' title="bbox 0 0 1388 4746">
     <span class='ocr_line' id='line_1_36' title="bbox 0 0 1388 4746; baseline 0 3"><span class='ocrx_word' id='word_1_258' title='bbox 0 0 1388 4746; x_wconf 95' lang='lat' dir='ltr'> </span> 
     </span>
    </p>
   </div>
  </div>
 </body>
</html>
