2768 4746
606 328 766 384 ..yp-

166 457 292 524 media
306 452 454 537 scriptor,
471 453 623 520 exhibere
639 455 733 521 nobis
752 455 915 534 homines,
936 456 1000 521 ficti
1021 457 1154 539 quidem
1174 475 1233 522 no·

164 564 264 628 minis
284 571 316 628 et
331 563 455 638 vultus,
479 568 515 626 ut
536 562 570 624 in
590 561 715 627 theatro
735 562 837 638 decet,
862 562 1011 632 hominos
1029 571 1137 628 temen
1154 581 1162 628 ε
1177 565 1234 631 sod

162 669 337 753 quamdam
350 669 541 751 plerumque
556 668 708 732 iniormat
721 669 875 750 liguram,
895 671 987 750 cujus
1004 686 1051 746 os,
1066 670 1232 749 vestitum,

163 776 247 840 dicta
264 775 305 838 ad
325 774 371 839 rei
388 774 622 849 imitationem,
643 792 740 856 quam
762 777 795 838 in
816 775 924 839 animo
946 774 1061 852 habet,
1081 776 1233 854 instruit,

162 881 255 966 cujus
275 898 382 946 sermo
401 880 593 945 sententiam
613 879 875 964 voluntatemque
895 880 997 962 ipsius
1016 881 1171 959 declarat,
1189 883 1235 946 ia·

162 989 228 1054 cies
247 995 473 1071 repraesentat,
493 1006 611 1053 nomen
629 989 737 1069 ipsum
758 983 936 1052 denuntiat.
953 987 1116 1052 comicum
1133 988 1235 1070 igitur

162 1096 323 1161 theatrum
337 1098 421 1161 mira
438 1103 487 1161 est
501 1096 605 1177 regio,
623 1094 720 1160 nullis
736 1102 810 1160 ante
827 1093 985 1171 habitate,
1001 1093 1107 1158 medie
1121 1095 1233 1159 mobi-

163 1201 267 1284 lisque
279 1204 396 1267 coelum
410 1203 512 1280 inter,
528 1208 649 1268 terrem
664 1207 697 1265 et
710 1200 842 1278 interos,
856 1199 1002 1282 abigens
1017 1199 1146 1264 insolita
1162 1218 1232 1264 am·

162 1307 264 1386 balat,
280 1308 436 1386 stabulat,
453 1309 578 1386 volitat,
596 1309 662 1386 ilat,
682 1309 801 1390 garrit,
822 1307 935 1372 rostris
948 1307 1092 1390 crepitat,
1114 1308 1234 1390 pugnis

162 1415 327 1492 verberat,
356 1415 487 1498 spiculis
511 1416 645 1498 pungit,
673 1413 842 1495 multiplex
865 1423 899 1478 et
923 1414 1107 1491 versicolor,
1135 1414 1233 1496 pleno

161 1523 300 1604 stuporis
313 1529 352 1587 ee
365 1523 466 1599 risus,
483 1529 619 1604 pappum
637 1522 756 1586 referte
774 1530 806 1585 et
820 1520 998 1603 pullulans;
1022 1521 1078 1585 ubi
1098 1521 1233 1602 pennati

163 1627 328 1706 homines,
343 1628 511 1710 loquentes
522 1640 611 1704 aves,
624 1646 712 1692 rsnae
726 1645 865 1709 paeones,
881 1644 984 1709 vespae
1007 1627 1231 1710 Phryniobum

166 1740 328 1810 canentes,
353 1750 465 1814 oreque
492 1732 639 1815 lychnos,
656 1733 797 1813 spicula,
812 1731 944 1796 baculos
960 1738 1141 1813 gestantes,
1152 1733 1232 1815 equi

160 1839 311 1920 remiges,
334 1839 438 1904 nubes
459 1838 596 1921 pedites,
619 1838 746 1920 navigia
766 1845 909 1902 oratores
927 1838 1024 1914 socta;
1047 1856 1108 1919 pax
1129 1839 1164 1903 in
1187 1839 1233 1903 le-

161 1963 261 2026 genas
276 1947 394 2023 intusa,
409 1953 573 2011 moretum
590 1963 628 2010 ex
642 1944 790 2022 urbibus,
808 1945 1013 2027 pulmentum
1025 1964 1045 2008 e
1057 1944 1146 2028 Pylis
1160 1947 1232 2011 vio-

161 2053 253 2130 toria,
263 2052 370 2117 helluo
385 2050 458 2127 ὀξίνη
468 2055 489 2131 ¹,
506 2051 686 2134 respublica
705 2050 847 2127 lanifica,
868 2050 995 2115 lenifico
1013 2068 1104 2116 more
1116 2059 1230 2117 texens

159 2159 269 2227 omnia
298 2166 331 2224 et
360 2159 550 2236 deducens⁸,
574 2165 607 2223 et
637 2165 793 2223 sexcentae
822 2158 893 2222 eliae
922 2157 1062 2239 efligies⁸
1086 2175 1229 2240 quarum

157 2259 291 2328 colludit
304 2264 419 2329 cohors
436 2281 522 2328 nunc
536 2265 570 2328 in
584 2281 680 2328 versu
700 2282 777 2340 uno,
794 2264 927 2329 nuncin
944 2264 1105 2356 plurimis,
1120 2266 1229 2328 meum

160 2385 288 2449 semper
309 2386 458 2447 movens,
481 2373 627 2446 raro,‘ut
646 2370 700 2434 illa
723 2370 842 2435 eleonis
863 2371 948 2434 coria
969 2370 1087 2452 ubique
1114 2376 1227 2450 tracta,
1260 2411 1262 2414 ι

160 2473 317 2549 sonantia,
331 2473 465 2551 olentia,
480 2473 655 2538 festidium.
675 2475 826 2557 Sequitur
844 2474 920 2541 inde
936 2475 1038 2540 oratio
1059 2492 1124 2539 non
1141 2493 1229 2540 nun·
1267 2530 1272 2536 .

158 2593 257 2658 quam
279 2578 370 2660 quasi
395 2579 575 2656 maculosa,
603 2580 737 2645 distorta
758 2588 790 2645 et
814 2581 977 2656 scurrilis,
1003 2598 1061 2647 nec
1083 2579 1228 2645 absurda

159 2692 267 2748 tamen
281 2685 343 2749 toti
358 2685 553 2768 Dionysiaca
573 2703 698 2768 pompae
719 2686 896 2767 spectaculo
914 2695 947 2751 et
959 2687 1070 2763 colori,
1084 2686 1141 2752 ubi
1157 2703 1225 2751 non

158 2790 241 2854 nihil
255 2791 460 2875 simulatum,
476 2790 532 2856 ubi
549 2790 698 2860 hemines
712 2789 930 2874 phallophori,
948 2792 1091 2869 asinarii,
1105 2791 1226 2873 thyrsi·

158 2897 228 2977 geri
255 2906 356 2973 erant,
382 2899 448 2962 imo
469 2898 613 2976 lemine,
634 2898 750 2981 satyri,
770 2899 966 2980 capripedes,
988 2897 1107 2980 pelliti,
1129 2897 1225 2961 mimi

158 3020 292 3084 prorsus
306 3010 339 3066 et
351 3021 496 3085 personae
510 3004 644 3081 fiebant;
660 3005 717 3068 ubi
727 3022 793 3069 non
807 3022 864 3067 vae
879 3013 958 3081 erat,
973 3021 1039 3069 non
1052 3003 1227 3069 vestimen·

156 3117 313 3186 tum‚non
328 3119 411 3186 uter,
428 3128 493 3175 non
505 3108 657 3190 umbella,
673 3128 738 3175 non
755 3109 839 3185 olus,
854 3108 941 3193 quod
953 3127 1017 3174 non
1034 3108 1224 3189 religiosum

156 3207 280 3290 aliquid
300 3214 334 3272 et
354 3209 500 3277 abditum
528 3208 722 3290 signiticaret
753 3216 848 3290 atque
869 3208 1066 3298 loqueretur.
1089 3208 1169 3275 lude
1187 3208 1224 3278 in

155 3313 328 3383 comoedias
337 3333 421 3392 ‚inec
439 3332 607 3398 nunquam
627 3316 799 3398 tragoedias
813 3315 846 3379 in
861 3313 1046 3397 principioi,
1062 3315 1225 3386 fluxerunt

156 3413 333 3500 personate
353 3439 465 3489 rerum
486 3421 609 3504 efligies
630 3431 662 3488 et
680 3423 903 3489 arcessitamm
924 3439 963 3486 ex
982 3421 1087 3486 aliena
1106 3431 1224 3489 natura

155 3527 335 3608 figurarum
352 3528 524 3604 toleratio,
543 3530 873 3594 accommodatissima
887 3536 1040 3594 ceterum
1061 3527 1128 3604 illi,
1149 3547 1223 3611 qum

12 3684 16 3692 .
132 3619 133 3622 '
155 3633 188 3696 in
207 3641 313 3698 vetere
326 3634 482 3699 comoedia
496 3635 692 3713 dominatur,
708 3635 1036 3718 rerumpublicarum
1051 3651 1221 3700 commen·

173 3912 210 3985 ¹l·
223 3910 286 3978 Ele
302 3911 371 3965 130³·
384 3936 414 3950 η-
429 3914 453 3962 2.
469 3888 599 3974 1413Ᾰώὓῖ
615 3926 669 3981 etlil-
679 3939 710 3948 -
727 3917 751 3970 3·
770 3913 858 3968 Nullus
873 3913 964 3969 harum
978 3913 1118 3976 elegantior
1133 3887 1221 3976 cupio}

44 4007 47 4011 ⁴
154 3986 255 4054 sinemus
280 3989 416 4045 tmoioulus
433 3995 470 4040 est
490 4003 566 4053 quem
585 3998 636 4045 tota
656 3993 773 4047 seoniici
798 3994 910 4058 supellex
933 3994 960 4045 in
985 3994 1088 4050 totidem
1111 3993 1220 4049 famulae

154 4075 257 4118 mutata.
271 4070 350 4131 Εσσι.ν
367 4073 412 4144 itit
425 4075 477 4133 sqq,
493 4098 520 4108 —
533 4075 557 4123 l.
576 4073 612 4123 ot,
630 4077 655 4124 in
668 4074 799 4124 Prometlt.
812 4076 867 4138 Βία,
883 4070 987 4143 lipsirea.
1107 4095 1115 4102 ·
