2768 4746
656 339 796 395 ..6-

196 483 253 548 per
273 483 308 529 ss
333 481 460 544 semper
482 461 566 544 apud
592 463 734 538 Grecos,
759 469 795 527 ut
816 463 970 540 vidimus,
996 464 1135 547 lyricum
1158 482 1261 547 genus

195 573 315 655 riguit,
338 571 533 653 praecipuam
556 577 665 634 tamen
692 558 827 635 canendi
848 587 963 635 venam
987 572 1148 636 scenicum
1169 572 1204 634 in
1227 589 1262 635 se

194 680 321 745 videtur
340 678 481 753 duxisse,
503 684 534 741 et
549 694 633 753 eum,
650 683 724 741 ante
738 676 905 742 inventum
924 678 1102 754 theatrum,
1121 679 1263 742 maxima

194 786 340 852 omnium
359 784 537 849 abundaret
554 783 730 866 lyricorum
743 791 853 848 vatum
870 786 977 866 copia,
998 786 1140 863 invento,
1158 786 1265 850 soeni·

193 910 306 959 eorum
323 893 426 975 major
438 891 520 956 tacta
535 898 599 969 est,
614 891 873 959 convertentibus
891 910 926 957 se
939 891 978 956 ad
992 892 1109 956 horum
1124 891 1267 958 celebra·

193 1001 354 1065 tissimum
383 1001 525 1082 tyroque
547 999 845 1081 conjunctissimum
869 1017 950 1081 opus
976 1001 1130 1083 ingeniis3
1156 1000 1200 1064 ita
1226 1006 1263 1063 ut

193 1106 310 1173 veteris
338 1109 502 1174 oomoediae
529 1108 702 1190 scriptores
723 1107 846 1184 sotum,
871 1125 913 1171 ne
935 1107 1071 1189 tragicos
1093 1125 1151 1189 per
1174 1107 1262 1172 idem

192 1224 320 1296 tempus
350 1232 536 1293 numerem,
572 1214 646 1298 plus
678 1215 889 1298 quadraginta
919 1217 1123 1280 exstiterint¹.
1159 1216 1263 1298 Hujus

193 1327 300 1387 sutem
318 1322 410 1405 quasi
427 1321 620 1386 hereditatis
635 1322 775 1385 murima
789 1339 864 1403 pars
877 1321 911 1386 in
928 1321 1091 1386 comoedie
1104 1339 1162 1387 seu
1178 1315 1264 1386 inm'-

120 1444 128 1472 =·
193 1432 252 1494 bos
273 1446 329 1492 sau
349 1428 463 1493 choros
477 1428 630 1492 contlurit
644 1445 652 1492 :
667 1428 746 1492 dum
761 1428 866 1505 enim,
883 1427 1038 1492 exhausta
1056 1429 1152 1511 spice
1164 1429 1263 1494 Muses

193 1545 290 1611 vena,
308 1535 451 1598 nonnisi
470 1534 601 1617 antiqua
616 1536 751 1618 ῥαψῳδοὶ,
773 1535 1034 1611 stolidissimum,
1056 1535 1185 1599 Platone
1206 1535 1263 1616 ju·

154 1660 158 1666 ’
195 1641 273 1716 dice,
298 1657 417 1721 genus,
426 1640 615 1716 recitarent,
638 1640 718 1704 dum
740 1625 1039 1722 tmgoedin'iabutas
1055 1639 1264 1722 e‘praeteritis

193 1746 393 1829 temporibus
413 1745 530 1810 ducens
547 1763 611 1810 non
630 1746 693 1815 nist
711 1752 819 1810 vetera
832 1753 864 1812 et
877 1747 1013 1829 grandia
1027 1751 1154 1813 sonaret
1172 1758 1265 1810 raro-

154 1878 158 1885 ·
195 1871 256 1937 qus
275 1852 483 1934 presentium
508 1869 618 1918 rerum
644 1852 760 1918 iaceret
784 1853 983 1935 periculum,
1006 1853 1160 1919 comoedia
1185 1853 1265 1935 tyrae

196 1958 342 2024 societate
363 1958 471 2040 adjutu
489 1957 570 2022 nulli
592 1975 656 2022 non
677 1958 725 2022 rei
749 1976 784 2023 se
804 1958 975 2041 applicuit,
999 1956 1055 2022 sed
1076 1962 1149 2044 tots·
1165 1971 1265 2037 quam

194 2067 381 2148 incipientes
396 2052 545 2128 ¹dirimus
559 2081 681 2145 ¹rerum
704 2064 857 2129 varietate
868 2063 987 2128 referta
1010 2075 1069 2144 est,
1091 2068 1188 2145 atque
1202 2079 1263 2125 sun

197 2173 342 2239 ubertate
363 2180 395 2238 et
410 2174 503 2257 quast
523 2171 601 2238 silva
622 2172 757 2237 canendi
775 2172 940 2253 comptem
960 2177 1008 2235 est
1027 2170 1146 2235 omnis.
1166 2170 1266 2232 dam-

198 2280 271 2345 dem
290 2280 390 2361 igitur
414 2279 630 2345 conditionem
652 2296 748 2362 quem
766 2277 829 2360 ipsi
848 2277 1074 2352 Athenienses,
1093 2293 1173 2358 quos
1191 2276 1267 2357 pin·

199 2389 319 2471 gendos
340 2391 538 2469 susceperat,
559 2403 653 2468 passa
671 2384 732 2448 tuit
748 2401 755 2449 ε
776 2401 852 2449 num
868 2390 922 2461 ut,
940 2384 1060 2448 tinente
1080 2382 1136 2446 ilto
1154 2399 1266 2446 rerum

200 2489 346 2561 omnium
375 2501 432 2559 aut
450 2493 610 2558 bonarum
633 2493 738 2557 tructu
760 2498 815 2556 sut
843 2491 1005 2556 malarum
1026 2489 1111 2567 tece,
1138 2488 1266 2553 abolitis
1352 2534 1354 2537 .

200 2598 357 2674 victoriis,
380 2599 542 2663 exstinctis
558 2598 652 2674 viris,
673 2598 819 2680 purgatis
837 2597 982 2679 flagitiis,
1005 2596 1086 2661 nihil
1107 2595 1267 2660 desinenti

200 2705 315 2771 secuto
326 2723 424 2788 seque
438 2705 627 2784 recensenti,
642 2705 705 2770 nisi
720 2705 821 2789 styra
834 2711 903 2769 orta
917 2703 1072 2780 carmina,
1086 2705 1266 2782 supersint,

201 2812 247 2876 sic
258 2811 421 2894 farragine
434 2829 547 2876 rerum
564 2812 787 2894 presentium,
798 2828 895 2896 quem
903 2812 937 2875 in
950 2810 1076 2875 iambos
1085 2827 1161 2874 suos
1169 2808 1268 2872 traxit

200 2918 439 3001 Aristophanes,
451 2918 545 2983 nobis
561 2919 679 3001 partim
696 2919 856 3004 sordente,
872 2919 996 3000 partim*
1004 2916 1169 2998 caligante,
1185 2915 1266 2997 lyri-

200 3040 313 3088 corum
337 3026 409 3107 ejus
431 3024 612 3089 carminum
638 3025 800 3107 praecipua
819 3024 1006 3106 jucunditas
1027 3023 1211 3088 etiamnunc
1234 3027 1268 3085 et
1333 3036 1334 3040 ’

201 3130 325 3209 noritns
342 3131 569 3197 florentissima
583 3130 677 3214 viget.
1154 3116 1160 3124 ’

720 3406 761 3480 ΙΙ.
834 3392 838 3397 ’

244 3646 343 3713 Vetus
355 3603 537 3723 comedia,
560 3664 578 3710 e
597 3647 668 3728 lyra
687 3653 761 3711 nata
781 3644 815 3709 in
835 3645 1008 3728 principio,
1022 3645 1125 3734 tyram
1144 3618 1270 3712 adoles·

204 3771 278 3818 cens
297 3753 429 3818 retinuit
447 3771 574 3834 semper
595 3753 729 3827 sociam,
745 3753 811 3817 imo
829 3753 943 3818 ducem
962 3751 1091 3819 tabulae.
1109 3749 1272 3819 Gomoedia

204 3861 292 3927 euim
311 3859 434 3925 unitum
456 3860 564 3926 forsan
582 3858 670 3924 aliud
688 3859 871 3925 Graecarum
892 3859 1072 3925 litterarum
1087 3875 1190 3939 genus
1209 3855 1273 3923 tui-

239 4102 260 4149 l.
275 4101 304 4166 Vp
317 4098 417 4160 Daoier,
436 4099 534 4161 pretet.
553 4097 584 4146 ad
598 4098 740 4160 Horatium,
759 4113 783 4161 p.
796 4112 879 4148 xxxvi.
