2768 4746
647 338 807 393 ..qq-

204 467 408 542 ootoutidus¹;
437 464 550 528 irridet
578 464 748 546 acervatim
773 481 885 528 omnes
910 463 1126 545 ampullarum
1147 464 1269 529 machi·

203 588 382 655 uarumque
397 571 586 654 irrequietos
598 571 785 654 quaesitores
798 577 828 635 et
839 588 977 652 aucupes
989 589 1069 654 quos
1084 572 1271 654 μηχανοδίφας
1307 555 1312 566 ’

130 656 134 665 ’
203 677 357 757 appellat,
373 678 459 741 Plato
477 677 617 742 comicus
631 677 869 759 δωδεκαμηχᾶνους
884 677 904 738 ¹.

241 783 288 846 hb
312 783 376 847 illis
395 803 470 849 vero
496 785 647 866 gravibus
669 783 891 866 religiosisque
910 783 1108 849 carminibus
1128 802 1271 866 quorum

202 895 414 959 sinceritatem
426 902 534 960 contra
547 894 648 959 malos
657 911 820 975 vanosque
832 898 940 974 poetas
953 890 1142 955 defendebat
1150 891 1274 954 Aristo-

200 1003 344 1082 phanes,
359 1002 428 1084 ipse·
438 1002 478 1066 ad
489 1004 612 1083 jocosa,
630 1000 847 1064 inverecunda
861 1000 971 1073 etiam,
986 996 1105 1062 Baccho
1115 997 1270 1079 jubente,

201 1108 368 1173 lasciviens
381 1109 542 1186 veniebat,
565 1107 800 1172 adeovoluerat
814 1105 885 1183 ille,
904 1102 953 1168 vel
973 1103 1169 1167 severiorum
1188 1102 1272 1166 lieon

202 1231 277 1278 rum
300 1214 440 1296 periculo
455 1216 511 1297 qui
532 1230 639 1278 secum
656 1213 880 1275 invocarentur
894 1211 928 1272 in
951 1227 1062 1284 scena,
1078 1226 1135 1272 suo
1154 1209 1270 1284 etiam,

201 1321 309 1384 omnia
330 1320 369 1383 ad
391 1338 488 1385 suurn
507 1336 634 1384 morem
659 1318 780 1397 redigi,
808 1335 880 1380 curn
902 1334 920 1379 a
943 1317 1055 1398 Nysaeo
1079 1315 1272 1397 Delphicove

200 1427 317 1490 vertice
331 1427 365 1490 in
381 1429 481 1491 Attica
501 1427 653 1508 compita,
673 1443 691 1488 a
705 1423 862 1505 Nymphis
883 1424 924 1487 ad
939 1424 1087 1488 homines
1100 1424 1268 1504 migraret.

200 1533 322 1596 Nostrae
340 1532 502 1597 comoediae
522 1533 640 1615 lyram,
661 1532 727 1596 imo
746 1531 929 1612 religiosam
948 1531 1060 1608 inseri,
1080 1531 1270 1595 indecorum

200 1649 231 1703 et
244 1640 404 1704 nefarium
418 1641 493 1704 satis
506 1646 537 1704 et
550 1638 676 1702 abunde
690 1638 852 1702 videretur
867 1658 873 1697 :
891 1637 963 1718 quis
977 1638 1064 1700 enim
1077 1638 1175 1701 ferret
1192 1655 1271 1718 pro-

200 1746 275 1808 sana
285 1745 432 1827 jocorum
449 1752 479 1809 et
501 1744 684 1826 petulantiae
699 1744 816 1806 vicinia
841 1759 930 1806 sacra
952 1744 1089 1808 violaril
1110 1744 1269 1825 templum

201 1854 235 1915 in
252 1853 375 1936 pulpita
387 1853 579 1918 transferri?
592 1854 684 1934 Apud
703 1855 827 1921 Graecos
847 1870 934 1928 vero,
952 1851 984 1914 in
1000 1867 1110 1925 scena,
1127 1867 1145 1912 a
1168 1849 1270 1912 sacris

200 1971 286 2040 orta,
300 1966 380 2028 Deos
398 1960 550 2028 celebrari
571 1964 715 2029 debitum
735 1965 799 2028 Diis
818 1980 937 2027 munus
954 1968 985 2024 et
1005 1966 1164 2040 acceptum
1186 1964 1267 2022 erat.

200 2065 282 2136 Quid
298 2067 418 2144 dicam,
442 2068 596 2132 celebrari
621 2070 669 2133 las
684 2067 776 2133 esse?
797 2069 939 2133 Derideri
961 2068 1058 2132 etiam
1078 2082 1142 2129 non
1163 2065 1266 2128 nefas.

200 2175 428 2256 Aristophanes
438 2175 560 2241 dereris
576 2175 808 2259 adytum,‘viris
822 2174 1056 2247 inviolandum,
1070 2169 1176 2252 palam
1191 2184 1268 2232 oum

199 2283 293 2359 viris,
316 2297 390 2347 cum
401 2284 482 2366 jocis
498 2280 628 2366 pandit,
653 2285 732 2349 viris
747 2281 981 2366 spectantibus;
1000 2281 1032 2342 in
1049 2276 1200 2342 omnihus
1218 2274 1268 2338 fa·

199 2385 281 2449 bulis
292 2405 382 2452 sacra
396 2389 545 2468 instituit,
559 2392 592 2454 in
608 2394 704 2472 Vespis
718 2389 997 2475 etiamridiculum
1011 2385 1098 2450 canis
1105 2383 1267 2465 judicium

198 2493 411 2574 auspicatum.
428 2497 571 2563 Graviter
585 2478 715 2583 quidem
730 2499 875 2564 Cererem
889 2494 1064 2578 AEschylus,
1070 2494 1179 2575 jocose
1189 2508 1267 2556 vero
1345 2480 1348 2485 “

199 2602 318 2666 aethera
345 2604 513 2686 Euripides
535 2607 690 2683 invocat⁸3
719 2626 738 2669 a
763 2606 892 2682 Cerere,
918 2605 951 2667 in
977 2601 1101 2668 Cereris
1126 2598 1265 2680 templo,

198 2709 343 2774 adultera
374 2716 460 2776 vesta
494 2713 626 2776 indutus
655 2711 868 2776 Mnesilochus
900 2710 1049 2774 indecora
1078 2705 1267 2786 efflagitat⁸;
1328 2723 1329 2726 ¹
1373 2699 1374 2702 ’

197 2817 310 2881 Pacem
323 2819 486 2901 Trygaeus,
501 2820 647 2902 perlectis
657 2820 719 2885 rite
736 2819 868 2894 sacris«
886 2816 1101 2885 venerandam
1118 2813 1266 2896 reginam

198 2922 312 3001 Deam,
333 2925 498 2989 dominam
518 2926 704 3002 chororum,
724 2927 889 2991 dominam
908 2924 1110 3005 nuptiarum,
1129 2949 1141 2974 »
1159 2920 1272 2983 serius.

199 3032 282 3094 seria
296 3031 438 3113 primum
453 3037 553 3114 rogat,
573 3059 587 3088 α
604 3032 721 3096 Graecis
736 3032 949 3110 concordiam,
961 3031 1137 3105 lenitatem,
1154 3027 1266 3092 mitio·

197 3155 312 3220 resque
335 3156 448 3219 sensus
476 3157 647 3222 succosque
678 3139 861 3203 animorum
884 3137 1048 3211 infundat,
1078 3164 1091 3189 ν
1120 3151 1197 3204 mox
1224 3134 1264 3196 ad

199 3244 308 3328 gulam
323 3263 512 3323 conversus,
530 3265 587 3311 nec
602 3246 765 3311 deficiente
780 3246 863 3327 gulae
876 3247 963 3328 lyra,
980 3250 1072 3325 rogat
1089 3270 1102 3295 a
1120 3257 1263 3316 anseres,

197 3352 364 3431 trochilos,
393 3354 539 3435 oopaidas
565 3353 743 3435 anguillas,
776 3353 860 3418 circa
894 3351 1026 3416 obsonia
1046 3349 1264 3414 consertorum

198 3460 385 3524 helluonum
409 3477 567 3542 pugnam,
588 3460 816 3542 Melanthiique
831 3459 1028 3541 praeposteri,
1048 3457 1117 3539 jam
1146 3453 1264 3520 vendi·
1362 3484 1364 3486 ·

196 3568 238 3630 tis
259 3568 418 3649 piscihus,
438 3570 594 3651 ejulatum
617 3575 649 3634 et
671 3588 689 3634 e
715 3570 825 3634 Medea
851 3586 909 3632 sua
940 3568 1140 3656 lamentum:
1163 3567 1261 3642 Perit,

193 3677 274 3753 perii
305 3687 461 3754 postquam
488 3679 631 3740 viduatus
661 3695 729 3738 sum
756 3677 897 3755 cupollio
921 3678 955 3738 iu
983 3677 1052 3738 betis
1074 3676 1261 3738 delitescente.

196 3783 278 3862 Haec,
295 3779 522 3861 o'veneranda,
546 3784 749 3865 precantibus
774 3783 866 3845 nohis
897 3782 1059 3846 concedei.
1078 3808 1093 3836 ι
1115 3781 1263 3846 Personis

227 4026 248 4074 1.
268 4026 336 4086 rua,
363 4027 408 4075 aas
428 4038 481 4088 sqq.
495 4012 560 4077 -u
579 4028 648 4089 rua,
665 4031 726 4093 ror,
754 4033 779 4077 er
800 4008 1051 4089 s0a01.,iua.-a'.
1073 4027 1148 4080 rau..
1161 4027 1216 4076 sor.
1231 4002 1261 4062 ‘-

195 4107 218 4154 ὸ.
232 4105 339 4168 Thoan„
356 4108 409 4156 289.
424 4132 453 4144 —
467 4111 489 4157 5.
503 4108 570 4170 Por,
586 4111 631 4160 973
644 4122 696 4172 sqq.
941 4133 943 4136 >
