2768 4746
628 373 800 430 t-lb-

549 542 584 593 lac
601 544 686 607 φύσις,
702 540 736 590 tu
751 536 834 605 χάρις,
870 520 880 534 ’

393 626 430 674 tat
445 622 548 687 θράσος,
558 622 594 673 tar
604 622 631 672 dd
645 621 675 671 τὸ
690 621 784 683 σοφόν,
799 618 835 668 ln
847 617 973 681 φιλόπολις

550 704 624 767 &parri
636 703 751 767 φρόνιμος
761 704 776 751 ¹.

192 844 362 910 cantilena
377 841 490 905 alitum
506 838 699 920 suntplures
715 855 723 902 :
741 836 803 901 alia
816 832 992 899 divinitatis
1005 830 1262 906 vindicatorum

192 950 253 1014 alia
268 946 382 1029 segetis
398 945 646 1028 purgatorum¹:
664 943 702 1006 de
716 941 845 1005 alitibus
859 938 968 1020 plures
984 952 1130 1020 quoque;
1143 933 1207 998 alia
1220 935 1265 998 de

192 1055 280 1121 omni
301 1053 420 1134 aligera
436 1056 540 1132 gente,
562 1048 625 1113 alia
647 1049 686 1111 de
708 1045 854 1121 luscinia,
878 1043 940 1106 alia
959 1041 998 1106 de
1012 1041 1099 1106 olore
1115 1041 1138 1102 ⁸.-
1153 1040 1263 1104 llnum

192 1161 279 1226 enim
292 1166 340 1224 est
354 1164 448 1242 atque
463 1156 598 1238 simplex
612 1154 771 1218 canticum
788 1150 936 1233 quodque
950 1155 982 1213 et
995 1147 1088 1212 titulo
1102 1147 1264 1226 singulari

173 1264 352 1330 'nominari
366 1269 480 1344 potest,
497 1269 602 1344 atque,
620 1265 657 1324 ut
672 1277 746 1323 cum
760 1257 869 1321 fabula
892 1255 1032 1320 cobaeret
1047 1253 1104 1318 ubi
1120 1252 1266 1316 nascitur

192 1387 354 1455 quamque
367 1369 503 1432 sustinet
516 1375 547 1432 et
561 1367 700 1440 decorat,
720 1365 765 1428 sic
783 1362 876 1427 facile
892 1366 997 1443 potest
1010 1359 1050 1423 ab
1068 1376 1107 1423 aa
1121 1357 1263 1438 decerpi,

76 1488 81 1495 '
192 1483 340 1539 constans
358 1474 537 1548 etiamtum,
557 1478 588 1536 et
603 1470 748 1552 populari
766 1469 859 1532 iamae
881 1467 1044 1545 idoneum.

232 1580 296 1642 llas
310 1578 409 1658 igitur
422 1577 595 1640 cantilenas
603 1576 645 1638 nd
662 1573 880 1638 celebritatem
895 1571 1109 1659 compitorum
1119 1567 1266 1632 destina-

65 1732 72 1740 .
192 1691 253 1759 tas,
267 1681 427 1763 expeditas
443 1680 569 1744 ctleres
582 1679 746 1743 vocabulis
760 1686 851 1759 poeta
867 1676 951 1751 lacit,
966 1681 1003 1738 ut
1016 1680 1130 1755 sponte
1147 1686 1265 1754 perro·

191 1790 294 1864 litent,
309 1786 439 1852 brevius
449 1785 600 1850 terminat
614 1802 655 1848 ue
665 1781 857 1847 memoriam
873 1784 1064 1855 exterreant,
1080 1777 1265 1842 desinentes

192 1893 278 1959 acuit
298 1898 333 1957 ut
355 1892 512 1956 malitiam
532 1891 678 1968 irritent,
694 1896 856 1972 postremo
878 1885 1024 1951 numeris
1045 1885 1199 1960 concitat,
1221 1882 1265 1973 de

192 2000 308 2083 quibus
320 2017 421 2080 pauca
436 2005 473 2063 ut
487 2005 607 2062 tentem
622 1998 727 2061 dicere
742 1995 823 2060 mihi
837 2011 925 2058 nunc
938 1998 1050 2056 restat.

690 2287 736 2352 ‘V.

156 2628 158 2632 Υ
232 2539 534 2619 Aristophaneorum
551 2539 732 2602 carminum
754 2540 956 2615 varietatem,
977 2539 1011 2602 in
1031 2554 1131 2622 eaque
1156 2538 1264 2609 cantia

191 2647 282 2711 lenas
299 2646 450 2710 crateris
464 2644 661 2708 carminibus
677 2644 918 2726 dignoscendas,
932 2651 1088 2729 quantum
1099 2662 1266 2710 commen·
1305 2651 1309 2657 ’

192 2753 315 2817 daverit
338 2750 506 2815 diversitas
539 2750 722 2833 habilisque
746 2752 996 2818 accommodatio
1027 2757 1205 2816 metrorum
1230 2757 1266 2816 et

191 2859 337 2940 rhythmi
359 2857 451 2921 facile
472 2857 709 2938 conjectaveris.
738 2859 837 2923 blatra
864 2861 976 2923 omitto
1003 2874 1075 2942 qnae
1095 2858 1263 2942 ad‘lyram

192 2985 257 3030 non
275 2966 454 3047 pertinent:
471 2965 646 3028 iambicum
660 2966 796 3043 scilicet,
816 2967 901 3050 quod
922 2968 955 3031 in
975 2967 1142 3049 colloquiis
1164 2984 1264 3031 usur-

192 3091 270 3156 pare
283 3072 386 3137 solent
405 3088 570 3154 personae3
592 3072 802 3150 trochaicum,
825 3074 859 3137 in
876 3075 961 3156 quod
980 3075 1140 3140 incitatior
1153 3090 1264 3140 sermo

192 3180 276 3245 cadit
289 3185 326 3243 ut
340 3178 474 3242 celerius
493 3189 614 3252 emron
634 3180 863 3260 anapesticnm,
886 3181 972 3263 qnod
985 3182 1052 3244 vim
1073 3178 1265 3263 apparatus-

190 3305 253 3369 que
267 3304 332 3350 non
347 3285 440 3362 nihil,
454 3285 536 3348 nihil
551 3292 658 3349 tamen
670 3287 820 3367 ponderis
833 3288 942 3365 habet,
955 3289 999 3352 ita
1014 3289 1091 3365 ut‚si
1107 3288 1193 3371 quod
1207 3287 1261 3353 in·
1319 3309 1322 3313 ·

191 3411 270 3475 gens
284 3391 498 3474 spectaculum
513 3392 547 3454 in
561 3393 705 3469 Equitum
715 3392 779 3457 fine
793 3394 993 3470 exhibeatur,
1005 3395 1031 3458 si
1046 3395 1169 3469 Nubes,
1187 3410 1261 3476 quae

191 3501 261 3563 lleae
272 3507 358 3574 sunt,
369 3497 598 3579 Strepsiadem,
609 3498 634 3560 si
647 3498 753 3578 gravis
763 3499 927 3581 AEschylus
935 3500 1132 3582 Euripidem,
1143 3499 1262 3564 iambis

191 3605 363 3693 novissime
384 3623 498 3684 usum,
527 3604 749 3686 alloquantur,
781 3608 847 3669 vim
871 3609 1084 3690 anapesticam
1112 3607 1259 3671 intendat
1315 3651 1318 3656 ,

190 3719 293 3795 poeta.
310 3712 382 3775 llaec
396 3713 493 3793 igitur
510 3713 621 3775 omitto
636 3717 738 3774 metra
755 3728 826 3795 quae
843 3731 909 3778 non
924 3721 1094 3791 canuntur,
1110 3714 1166 3778 sed
1180 3712 1263 3782 racl-

190 3826 309 3883 tantur.
329 3818 446 3882 Omitto
460 3835 587 3902 quoque
603 3823 774 3900 systemata
790 3820 889 3903 lyrica
903 3821 942 3885 de
957 3821 1075 3904 quibus
1089 3825 1163 3884 ante
1178 3819 1257 3885 diri.
1365 3804 1379 3817 ’Δ

190 3925 246 3991 llic
260 3924 354 4006 velim
367 3926 406 3990 de
422 3931 600 3989 metrorum
616 3925 836 4005 singulorum,
853 3945 924 4008 quae
934 3927 1012 4009 lyra
1025 3926 1156 4010 propria
1166 3933 1257 4009 sunt,

222 4135 244 4184 1.
259 4136 324 4195 apa,
342 4138 395 4186 545.
416 4162 442 4173 -
456 4140 478 4186 a.
492 4139 551 4198 aa,
571 4139 630 4198 raa,
641 4137 749 4187 tuaa-
763 4137 787 4183 a.
805 4133 855 4196 m,
869 4138 927 4197 aar,
942 4137 1002 4194 roo,
1019 4137 1073 4183 rau.
