2768 4746
645 370 806 428 ..aq-

197 505 273 582 gent
292 498 532 581 premendoque
555 496 702 575 eliciunt;
727 497 905 579 imaginum
930 497 992 561 cita
1014 498 1059 562 lit
1073 498 1270 580 descriptio,

196 605 278 668 citus
296 604 387 667 ardet
407 602 503 667 color.
522 602 643 672 Celeris
662 610 693 667 et
713 602 820 666 sobria
844 609 893 666 cst
909 602 981 684 lyra
998 603 1120 680 Graeca,
1144 605 1269 667 cursim

196 710 419 799 pirrgitomnia
431 715 463 773 et
478 707 641 774 illuminat
659 709 877 791 carminisque
894 704 992 771 tradit
1008 708 1121 773 lacem.
1143 702 1271 773 Aristo-

197 816 337 896 phanem
356 817 429 881 vide
450 816 676 891 erfrondibus,
700 815 756 878 ubi
784 834 901 880 mneos
928 816 1005 880 latet
1031 816 1183 894 luscinia,
1208 834 1271 898 per

197 930 306 1004 aperta
322 923 394 987 coeli
419 924 459 986 ad
481 923 673 1005 Olympum,
699 922 755 985 ubi
780 921 896 986 saltant
919 922 989 997 liei,
1018 924 1269 987 ascendentem:

197 1046 346 1095 ascensrm
366 1047 464 1112 quarn
484 1030 564 1094 levis
587 1037 619 1093 et
639 1029 745 1093 brevis
768 1027 833 1092 estl
861 1029 940 1092 Cum
964 1047 1070 1092 serino
1093 1029 1134 1092 ad
1154 1036 1270 1092 cantus
1357 1079 1365 1094 .

160 1119 165 1127 “
197 1137 346 1213 inclinat,
388 1137 597 1202 calescentem
638 1144 929 1218 properantemque
972 1136 1065 1200 facile
1104 1136 1270 1216 inteiligas
1338 1189 1341 1191 a

198 1233 333 1324 stylum,
359 1261 452 1307 voces
473 1240 632 1324 tibiasque
654 1243 772 1324 sopitas
793 1242 914 1305 sensim
934 1243 1145 1318 excitantem,
1165 1242 1271 1305 donec
1365 1243 1372 1253 “

197 1368 396 1416 omnesnna
415 1349 521 1414 subito
545 1356 730 1413 consonent.
753 1349 951 1431 Praecipitior
976 1349 1064 1413 anim
1087 1349 1123 1413 iit
1145 1349 1268 1424 oratio,
1317 1404 1325 1415 .

196 1455 343 1520 breviora
360 1456 473 1533 verba,
494 1462 653 1536 separata,
670 1455 769 1518 densa
781 1461 905 1532 tamen,
923 1454 1013 1519 nulla
1030 1455 1100 1519 sine
1117 1472 1196 1518 sono
1211 1461 1272 1518 aut

196 1562 315 1639 colore,
336 1561 425 1628 nulla
440 1569 549 1636 muta,
565 1562 653 1627 nulla
668 1579 772 1626 caeca:
793 1579 863 1644 quae
881 1570 990 1625 tamen
1009 1563 1181 1626 verborum
1200 1579 1270 1626 non

197 1675 246 1733 est
261 1670 400 1733 oratoria
414 1669 608 1745 cumulatio,
624 1670 681 1734 sed
702 1669 802 1749 lyrica
823 1670 950 1751 eruptio
958 1671 978 1730 ¹.
1001 1658 1053 1733 Sic
1073 1674 1202 1744 natum,
1222 1669 1273 1731 sic

196 1778 281 1858 viget
300 1777 439 1859 lyricum
459 1792 588 1840 carmen
614 1781 645 1839 el
666 1774 789 1852 vibrat;
814 1774 881 1839 haec
901 1782 950 1839 cst
975 1776 1047 1857 ejus
1072 1788 1099 1838 et
1122 1792 1218 1838 aanor
1243 1787 1272 1837 ct

196 1886 303 1959 uirtus,
321 1883 372 1947 hic
384 1884 454 1964 ejus
468 1880 632 1965 splendor,
649 1882 716 1945 haec
731 1880 881 1970 habilitas
896 1887 991 1963 atque
1001 1878 1165 1947 alacritas.
1242 1905 1245 1909 ·

126 1988 128 1990 ’
235 1990 298 2054 Nec
310 1989 363 2053 illi·
374 1989 527 2052 celeritati
545 1989 662 2051 modus
675 1994 740 2063 est,
755 1989 890 2070 quianon
905 2007 923 2051 e
937 1989 1008 2071 lyra
1024 1989 1137 2066 modo,
1153 1990 1210 2054 sed
1229 2007 1273 2053 ex

199 2097 269 2187 ipso
284 2096 468 2160 Graecorum
483 2094 612 2176 ingenio
628 2093 801 2177 linguaque
816 2080 987 2158 defluebat.
1003 2097 1181 2160 Memorare
1195 2096 1273 2159 inu-

195 2197 252 2288 tile
269 2201 416 2282 estquod
436 2199 587 2264 omnibus
606 2199 780 2275 succurrit,
796 2200 922 2264 Graeoos
936 2201 1093 2283 imagines
1110 2201 1223 2265 breves
1239 2208 1274 2265 et

196 2324 323 2398 pressas
340 2308 504 2395 concipere
520 2306 646 2394 solitos,
662 2323 734 2388 quae
749 2307 939 2388 cogitatione
956 2308 1158 2388 conciperent
1171 2307 1273 2371 simul

195 2396 305 2480 videre
317 2415 418 2478 animi
442 2415 510 2478 acie
537 2421 569 2478 el
584 2413 692 2477 verbis
709 2413 895 2495 imaginari;
909 2414 954 2478 sic
967 2415 1157 2479 instructam
1170 2415 1275 2480 luisse

195 2539 308 2587 eorum
331 2521 492 2601 linguam,
519 2520 611 2601 copia
639 2519 811 2584 verborum
844 2520 1060 2598 uberrimam,
1085 2522 1160 2602 quia
1181 2521 1273 2584 varia

196 2628 286 2692 omni
303 2645 376 2693 cum
396 2628 547 2691 varietate
571 2627 753 2691 formarum
769 2632 801 2691 et
821 2628 967 2692 colorum
989 2629 1039 2709 eis
1063 2635 1272 2711 apparerent,

196 2731 292 2823 simul
306 2750 341 2796 ac
353 2731 592 2812 rapidissimam
606 2737 638 2795 et
655 2731 795 2813 plurima
810 2732 1011 2823 paucissimis
1027 2733 1190 2797 vocabulis
1203 2750 1286 2811 non„

196 2842 428 2922 exprimentem
458 2839 561 2920 magis
586 2855 685 2921 quam
717 2839 913 2920 pingentem.
940 2840 1021 2912 Quid
1045 2829 1274 2922 p‘aucissimis‘l

195 2948 261 3010 imo
273 2945 513 3011 uno·.·Reieram
533 2945 702 3009 Homerica
716 2964 787 3028 quae
800 2947 910 3010 dicunt
927 2947 1088 3028 epitheta?
1107 2946 1274 3029 AEsclrylea

196 3048 523 3129 verua-luxuriantia·
544 3051 675 3132 quidem
693 3051 720 3113 si
738 3051 879 3114 formam
899 3058 1039 3136 spectes,
1063 3053 1119 3116 sed
1139 3059 1271 3134 pressa,
1289 3039 1307 3106 ι’

176 3215 180 3220 .
196 3159 223 3221 si
237 3158 396 3242 quidquid
415 3158 668 3238 complectantur
685 3142 853 3234 numeres,
870 3175 942 3239 qum
959 3159 1089 3240 quidem
1105 3177 1163 3223 cnr
1177 3157 1275 3222 nobis

196 3267 361 3330 luxuriare
375 3299 377 3302 ⁴
393 3265 562 3340 videntur,
592 3264 657 3340 nisi
687 3264 761 3345 quia
789 3265 825 3328 in
855 3264 1011 3330 brevitate
1040 3266 1274 3347 pronuntiandi
1373 3284 1378 3293 ·

197 3375 330 3450 densam
353 3370 446 3435 nobis
468 3371 652 3463 expandunt
672 3389 784 3435 rerum
809 3363 954 3437 silvam?
984 3373 1045 3438 Sed
1075 3373 1176 3438 Graeci
1204 3391 1274 3455 non

198 3480 303 3544 solum
316 3479 405 3543 brevi
421 3476 510 3542 verbi
524 3478 624 3541 unius
646 3479 792 3559 imagine
810 3497 882 3561 quae
906 3479 1016 3544 vident
1040 3480 1275 3562 pingunt-sed

192 3588 405 3668 quaeratione
424 3586 582 3666 cogitant,
600 3585 640 3648 iis
661 3603 717 3648 ora
739 3586 876 3662 addunt,
896 3588 981 3669 quod
998 3605 1110 3651 omnes
1131 3587 1273 3665 faciunt,

198 3712 264 3771 uno
276 3693 383 3770 verbo,
399 3695 485 3775 quod
494 3692 571 3756 soli·
580 3693 648 3756 Non
664 3692 798 3756 consilia
812 3693 927 3758 afferre
941 3700 1077 3771 noctem,
1092 3694 1148 3757 sed
1162 3689 1271 3775 ipsam

197 3820 267 3875 esse
289 3802 565 3885 eoppdsqv·=dicunt;
591 3819 655 3864 non
678 3801 805 3865 obviam
827 3803 907 3866 viris
928 3804 1072 3884 virgines
1094 3803 1267 3881 advolare,

198 3909 337 3972 sedasse
352 3908 391 3971 ad
407 3909 493 3972 viros
512 3925 566 3970 eas
588 3907 814 3987 ἐκπετησίμους’;
830 3909 1021 3989 sapientiam
1041 3910 1151 3973 dicunt
1169 3907 1274 3991 καλλί-

230 4141 250 4188 l.
269 4140 297 4186 V.
312 4140 379 4202 Poro,
395 4141 436 4189 571
451 4153 503 4201 sqq.
515 4167 544 4176 -
559 4140 581 4191 2.
595 4142 736 4210 llrisloph.,
750 4142 812 4203 frag.
828 4143 937 4210 incerta,
953 4144 991 4194 lt.
1113 4117 1116 4122 .
1197 4130 1217 4141 ⁶*
1259 4131 1265 4138 ⁸
