2768 4746
630 372 730 428 ..vag
753 402 792 414 ..

169 502 315 587 equinos,
329 505 516 584 quassantes
527 515 651 562 comum
668 506 701 563 et
714 498 947 562 subsilientes¹.
963 496 1054 562 Clara
1070 497 1138 562 haec
1156 516 1239 565 saue

168 608 317 674 omnihus
331 613 362 671 et
377 605 537 689 expedita,
557 621 621 669 nnn
635 623 654 669 e
669 603 846 687 longinquo
857 604 1024 682 arcessita,
1040 621 1104 668 nun
1118 623 1143 669 e
1153 604 1239 671 lata-

71 700 74 706 ’
166 701 234 780 tiata
247 720 350 791 eruta,
363 730 427 777 non
450 720 487 777 ei
502 711 566 775 altu
590 710 744 775 deducta:
768 712 839 794 quis
866 717 973 776 tamen
997 710 1065 775 hec
1082 710 1159 775 ¹vilia
1178 719 1239 776 ant

138 896 141 900 ⁴
165 822 235 904 lyra
249 821 380 902 indigna
393 822 502 901 putet‘t
518 817 594 890 onis
609 822 703 898 neget
716 817 860 898 leporem
868 835 938 881 esse
951 817 1080 882 rusticae
1100 815 1239 883 illiviti»

164 929 307 993 cularum
322 944 438 1000 musae,
455 927 534 991 Deos
550 925 748 1008 precantium

476 1070 569 1119 διδόναι
583 1067 689 1117 πλοῦτον
702 1065 753 1123 τοῖς
768 1066 898 1132 Ἕλλησιν,

475 1148 557 1212 κριθάς
571 1165 597 1197 τε
610 1153 690 1197 ποιεῖν
704 1147 769 1210 ἡμᾶς
780 1149 872 1203 πολλὰς

478 1227 572 1283 πάντας
586 1228 677 1290 ὁμοίως
693 1226 759 1276 οἶνόν
771 1244 797 1276 τε
809 1228 887 1278 πολὺν

534 1305 600 1354 σῦκά
611 1320 637 1354 τε
648 1303 763 1370 τρώγειν,

473 1384 518 1443 nic
531 1399 557 1433 τε
566 1389 686 1447 γυναῖκας
700 1384 788 1432 τίκτειν
800 1386 899 1446 ἡμῖν...

475 1465 545 1533 lili-au
556 1464 577 1512 τ’
592 1461 684 1513 attane
696 1463 813 1527 σίδηρον1
821 1461 904 1514 ..π-ἲ

162 1575 216 1632 aut
230 1586 361 1633 acumen
376 1569 423 1632 illi
436 1568 630 1650 simplicitati
644 1586 651 1631 :
715 1621 717 1625 ,

472 1693 557 1740 Ταῦτα
568 1691 611 1754 μὲν
622 1690 683 1756 πρὸς
698 1691 784 1757 ἀνδρὸς
795 1694 848 1742 ἐστι

473 1774 540 1822 Νοῦν
553 1769 653 1834 ἔχοντος
665 1771 707 1819 καὶ
719 1769 805 1834 φρένας
818 1771 862 1820 καὶ

472 1852 553 1905 πολλὰ
566 1851 804 1916 περιπεπλευκότος,

471 1929 656 1993 percantatum
670 1931 744 1982 αὑτὸν
757 1931 795 1980 ἀεὶ

469 2009 531 2073 πρὸς
545 2009 587 2058 τὸν
602 2009 628 2058 εὖ
640 2009 784 2073 πράττοντα
795 2012 880 2070 τοῖχον

429 2095 431 2099 “
449 2102 452 2114 ’
473 2088 567 2151 patior
580 2089 595 2146 ll
606 2089 777 2155 γεγραμμένην

475 2171 550 2226 εῑιιον’
564 2164 678 2234 ἑστάναι,
696 2170 793 2221 λαόὁνθ’
808 2170 833 2219 ἓν
857 2230 860 2236 .

470 2249 668 2315 agape....³-t

54 2441 59 2451 ι
199 2365 356 2432 Celeritati
380 2371 411 2429 et
425 2366 619 2446 simplicitati
637 2366 695 2442 illi,
713 2366 824 2448 quales
847 2365 998 2441 diximus,
1015 2365 1096 2444 adde
1112 2356 1238 2458 venus?

160 2479 268 2548 tatem,
286 2488 474 2553 expressum
502 2471 634 2536 habebis
658 2488 675 2534 e
697 2471 880 2535 Graecorum
900 2470 972 2553 lyra
998 2472 1084 2553 quod
1109 2473 1139 2537 ei
1154 2492 1236 2557 pro-

160 2577 268 2659 prium
283 2582 331 2641 est
354 2582 385 2640 et
405 2577 573 2657 peculiare.
602 2579 690 2638 Dulce
710 2579 805 2655 loqui,
830 2577 928 2640 ridere
946 2578 1087 2640 decorum
1116 2578 1237 2647 retinet

161 2701 304 2765 semper;
322 2685 426 2764 gratia
442 2685 508 2747 oris
522 2702 596 2749 cum
607 2684 759 2765 dignitate
774 2701 901 2766 semper
924 2684 1058 2762 renidet,
1081 2686 1233 2775 gratiam,

161 2789 211 2856 vel
225 2807 299 2855 cum
314 2789 447 2870 grandia
462 2793 569 2865 sonat,
590 2806 694 2871 neque
708 2788 794 2852 exuit
804 2818 807 2823 «
816 2807 921 2873 neque
938 2790 1098 2854 obscurat.
1113 2792 1235 2874 Majes-

160 2902 259 2961 tatem
269 2901 300 2959 et
311 2895 492 2959 habuerunt
507 2900 538 2958 et
550 2893 799 2958 nominaverunt
812 2895 947 2959 Romani
964 2914 971 2960 :
989 2896 1130 2974 σεμνότης,
1147 2922 1236 2980 μιγα-

160 3002 324 3082 λοπρέπεια,
340 3001 380 3064 ad
393 3001 538 3064 habitum
555 3000 732 3081 pertinent,
747 3018 810 3064 non
835 3001 875 3063 ad
892 3001 1000 3066 verba.
1024 3003 1165 3085 Cycnum
1192 3023 1237 3093 ne

160 3107 317 3178 Pindarus
330 3107 461 3190 quidem
477 3105 517 3169 ab
532 3107 661 3170 Horatio
676 3124 710 3170 se
728 3106 882 3188 appellari
902 3108 1008 3185 velit⁸,
1029 3109 1085 3191 qui
1107 3127 1142 3174 se
1161 3111 1235 3198 ipse

160 3213 276 3283 dixerit
289 3230 395 3294 apem,
410 3231 502 3294 apem
525 3213 643 3278 scilicet
658 3230 723 3276 non
738 3233 795 3293 per
818 3216 948 3276 laborem
962 3217 1135 3294 plurimum
1155 3236 1232 3280 ται·-

158 3331 275 3399 pentem
303 3321 428 3398 thyma,
453 3319 508 3383 sed
530 3320 659 3400 agilem,
685 3320 819 3396 aeriam,
841 3320 987 3400 igneam,
1009 3323 1075 3386 imo
1105 3341 1233 3401 sacram

162 3435 257 3510 atque
272 3425 424 3502 divinam,
435 3431 470 3489 ut
482 3425 602 3490 addidit
614 3427 712 3502 Platu,
724 3425 764 3488 ab
779 3445 837 3508 ape
847 3427 887 3489 ad
898 3434 1024 3508 poetam
1032 3424 1234 3495 transferens

160 3534 246 3615 quod
263 3551 293 3597 a.
304 3540 396 3615 poeta
411 3533 451 3596 ad
470 3551 561 3615 apem
584 3533 740 3596 Pindarus
754 3534 969 3598 transtulerat.
988 3534 1112 3600 Florem
1131 3537 1234 3625 igitur

163 3639 322 3702 carminis
337 3657 375 3703 ex
392 3639 482 3703 omni
510 3639 633 3704 circum
664 3638 805 3722 undique
833 3640 897 3730 vita
929 3642 1032 3722 carpit
1044 3642 1232 3722 Graecorum

159 3747 241 3827 lyra,
271 3744 474 3825 splendidum
505 3746 653 3828 quidem,
681 3746 737 3808 sed
768 3746 945 3829 simplicem
973 3766 1100 3830 semper
1132 3732 1232 3833 atque

153 3986 174 4028 ·11
190 3976 289 4048 iupa*
305 3986 331 4032 in
343 3984 385 4034 nn.
398 3997 428 4020 -⁴
440 3991 463 4037 a,
476 3987 546 4047 aaa,
564 3988 621 4038 1321
638 4000 691 4050 sqq.
709 3991 770 4046 -χο,
789 3987 864 4047 aaa,
878 3981 1034 4052 naisqqqt-
1047 3991 1070 4039 ι,
1082 3990 1156 4052 me,
1180 3977 1230 4054 nac

148 4065 245 4127 nulla,
263 4078 325 4146 quae,
334 4079 409 4127 supra
423 4071 507 4125 sunt,
520 4067 589 4113 tenni
607 4065 694 4115 educta
714 4066 813 4134 nlimsa
826 4066 966 4134 professore
978 4059 1079 4138 nostia,
1088 4063 1227 4149 Εἱζρρζςι,

158 4141 185 4187 in
204 4139 288 4189 schola
311 4139 427 4189 Narmali.
1066 4143 1067 4147 ¹
1136 4136 1140 4154 ⁸
1221 4161 1225 4168 .
