2768 4746
598 367 758 423 ..60-

155 498 276 561 exitum
284 496 343 560 viis
354 499 562 577 properantes
574 494 685 576 patriae
701 494 877 578 Bacchique
890 511 995 572 causa,
1006 511 1104 576 quem
1118 493 1230 558 dicunt

155 605 260 680 Georpu'
271 604 277 634 ¹
289 621 296 667 :

376 733 417 783 Ἐν
432 735 514 800 ἀγορᾷ
524 735 546 784 δ’
558 733 589 784 αὖ
603 734 726 796 πλάτανον
738 733 765 784 εὖ
773 735 979 797 διαφυτεὺσομεν,

156 849 265 913 Latine

375 1020 381 1032 .
399 1021 404 1032 .
421 1012 428 1027 ·
447 1021 453 1033 .
470 983 657 1033 ministrantem
667 981 797 1046 platanum
809 980 955 1046 potantibus
967 979 1091 1030 umbram.

194 1099 268 1171 Quae
281 1104 389 1162 tamen
401 1100 537 1163 varietas
557 1106 676 1180 quanta
689 1098 788 1163 luerit
801 1115 867 1161 nou
880 1097 1026 1179 iudicare
1039 1113 1227 1177 possumne,

156 1205 327 1286 deperditis
344 1205 566 1287 Aristophanis
585 1204 732 1280 XXXIII,
754 1203 888 1267 forsitan
902 1203 998 1267 etiam
1021 1200 1118 1265 XLIII
1130 1200 1229 1265 labu-

155 1309 207 1387 lis,
219 1310 566 1375 ditissimacarminum
577 1310 722 1398 materie.
735 1309 772 1373 In
782 1311 990 1372 Detuteueibus
1007 1308 1093 1371 enim
1108 1306 1229 1370 chorus

156 1424 224 1480 erat
238 1417 323 1497 apud
332 1415 498 1481 Herculem
514 1417 770 1490 convivantium,
786 1421 881 1479 cantu
897 1431 973 1478 saue
990 1419 1021 1478 et
1037 1411 1229 1491 Herculeam

157 1529 188 1586 et
204 1520 390 1610 Bacchicam
405 1521 472 1585 vim
482 1522 676 1611 spirantium
690 1539 698 1596 ;
714 1521 747 1582 iu
760 1520 947 1597 Babylonius,
965 1516 1229 1599 pistrinarIorum

157 1627 360 1705 molitorum;
371 1628 507 1693 heroum
520 1627 760 1703 inuerottusnn
770 1628 927 1701 Senectute,
943 1641 1056 1688 senum
1068 1629 1229 1699 autemut

157 1739 336 1811 serpentes,
355 1731 571 1816 abJ‘Icientinm
578 1733 828 1817 juveniliterque
845 1730 1074 1813 petulantium;
1091 1730 1125 1793 iu
1141 1731 1228 1792 Iem-

156 1840 233 1916 ue'u,
244 1839 440 1904 feminarum
454 1840 584 1905 Lemnio
601 1858 692 1905 more
705 1839 956 1915 lascivientium‘;
973 1838 1006 1902 in
1023 1837 1094 1904 aIIIs
1108 1837 1228 1904 fabulis

156 1945 356 2010 Ciconiarum
370 1945 499 2029 chorus,
511 1947 706 2022 insularum,
720 1947 866 2021 Navium,
879 1948 1118 2029 Tempestatum
1134 1948 1227 2026 anni,

156 2051 265 2114 vultus
293 2051 509 2116 induentium.
535 2051 623 2116 Adde
651 2054 849 2132 Auupyruru,
879 2054 1059 2130 Daedalum,
1088 2055 1226 2137 Nlobeu,

155 2159 318 2235 Danaides,
335 2160 530 2236 Centaurum,
541 2176 676 2243 qumque
686 2158 756 2223 aliae
770 2159 901 2246 fabulae,
916 2157 1036 2240 passim
1047 2160 1115 2242 jam
1130 2179 1151 2224 a
1165 2177 1228 2225 no-

154 2264 204 2328 bis
228 2266 420 2342 nominatae,
436 2265 614 2330 ludibrium
632 2266 760 2349 aliquod
783 2284 838 2331 seu
853 2264 1066 2346 religionum,
1081 2284 1139 2330 seu
1154 2274 1226 2332 tra·

153 2371 332 2453 goediarum
350 2371 494 2455 polliceri
510 2372 670 2437 videntur.
691 2372 737 2434 Ab
753 2370 805 2434 his
827 2370 978 2434 omnibus
992 2370 1048 2453 qui
1056 2369 1135 2441 ¹lons
1149 2385 1227 2432 om-

155 2477 207 2542 nis
220 2479 382 2544 varietatis
405 2478 617 2555 redundabat,
643 2496 714 2561 quae
739 2477 920 2543 carminum
937 2495 1017 2568 vena
1030 2477 1037 2539 !
1049 2475 1108 2549 Qui
1123 2482 1225 2558 poetae

157 2585 430 2669 spectantiumque
446 2585 596 2649 stimulus
614 2585 622 2647 I

197 2689 287 2755 Nunc
301 2708 392 2767 vero,
403 2707 588 2773 quanquam
602 2689 636 2753 iu
652 2695 739 2755 tanta
751 2689 935 2754 fabularum
949 2689 1226 2762 dissimilitudine,

158 2794 302 2860 emulum
318 2795 387 2878 lyra
399 2796 611 2860 communiter
625 2795 746 2876 aliquid
760 2802 867 2870 sonat,-
884 2813 943 2861 uec
956 2796 1136 2862 contrarius
1155 2785 1227 2862 ver-

157 2901 271 2968 borum
286 2902 378 2968 lloret
392 2902 489 2968 color.
505 2903 595 2976 Quod
605 2903 746 2969 breviter
760 2901 925 2985 apparebit
937 2921 975 2968 ex
989 2904 1228 2985 comparatione

158 3006 303 3072 iambicae
316 3009 480 3091 primum,
495 3028 570 3076 mox
587 3010 696 3094 lyricae
717 3011 829 3093 partis.
846 3010 884 3075 ln
903 3009 1136 3094 Aristophanea
1148 2990 1225 3076 ora*-

158 3113 244 3179 tione
257 3115 309 3197 (ue
323 3116 466 3198 singulas
479 3118 550 3200 eJus
564 3118 696 3182 virtutes
709 3117 836 3200 lougius
849 3136 1048 3196 enumerem,
1061 3120 1228 3202 proposita

159 3221 265 3302 lyricae
287 3222 392 3287 solum
404 3225 505 3306 partIs
518 3225 715 3307 recensione)
729 3236 795 3289 una
808 3225 975 3308 imprimis.
986 3207 1088 3290 exstat
1108 3225 1241 3315 vlrtus,

106 3327 113 3332 ’
158 3328 244 3394 Inest
267 3331 356 3405 enim
376 3332 544 3396 robustum
576 3332 730 3416 quiddam
762 3340 794 3398 et
814 3341 1034 3416 compactum,
1050 3350 1229 3399 nervorum

159 3437 390 3520 sanguinisque
413 3437 555 3519 plenum.
571 3439 653 3503 Lara
673 3444 705 3502 et
718 3424 911 3504 sinuosaest
931 3439 1103 3522 aliquando
1121 3457 1226 3504 scenae

158 3543 336 3623 explicatio;
352 3561 463 3626 pressa
479 3551 587 3609 autem
602 3552 632 3611 et
646 3546 789 3611 conferta
802 3562 929 3629 semper
944 3545 1116 3610 verborum
1132 3563 1227 3610 com-

157 3650 283 3731 positio.
298 3652 437 3716 Persona
451 3671 515 3716 non
534 3670 720 3736 nunquam,
742 3653 843 3718 Invito
856 3652 948 3736 quasi
969 3659 1079 3736 poeta,
1094 3653 1224 3730 effutit,

158 3757 250 3839 cujus
267 3757 321 3822 ille
334 3758 549 3824 exundantem
563 3759 786 3842 loquacitatem
802 3759 910 3824 verbis
928 3759 1132 3824 densioribus
1146 3777 1227 3844 pre-

159 3864 236 3929 mit:
252 3866 431 3943 sententiae,
450 3866 517 3932 sive
529 3867 720 3933 continuatae
734 3868 768 3932 in
783 3868 1078 3950 versuum'longam
1093 3867 1225 3949 seriem,

192 4097 384 4159 [Fragmlbb.
444 4136 447 4141 -
544 4113 549 4122 ·
