2768 4746
599 354 760 410 ..20-

159 483 261 563 bula¹,
284 484 442 549 disserant
460 483 583 558 minus,
603 490 720 552 cenam
740 483 918 566 saltemque
932 481 1034 564 magis
1052 486 1084 548 et
1098 482 1225 547 discur-

159 598 248 668 rant,
274 591 334 654 hos
347 591 430 672 regit
445 590 563 656 chorus
578 597 609 657 et
625 590 776 673 impellit,
799 582 985 666 committit,
1008 607 1083 654 mox
1095 590 1225 665 interci-

156 713 237 763 nens
249 704 387 778 separat,
413 698 604 763 intercidere
622 697 684 762 cito
697 696 829 774 desinit,
857 704 893 760 ut
907 696 1085 761 committat
1099 697 1222 763 iterum

158 810 190 867 et
208 804 250 868 ad
268 804 389 869 exitum
407 806 544 884 urgeam
568 803 688 868 labala
704 803 743 868 ad
763 803 862 868 tinem
880 809 1048 885 vergente,
1074 804 1231 884 graviora.

158 916 250 996 sonat
270 911 406 989 chorus;
432 910 529 974 simul
556 914 651 992 atque
673 910 919 991 petulantiores,
946 910 1132 991 preparatis
1154 916 1231 975 tau·¹

156 1018 230 1083 dem
245 1016 364 1098 epulis,
380 1015 636 1100 personabunt,
651 1016 771 1082 choros
784 1016 825 1080 ad
839 1016 1032 1081 severiorem
1046 1016 1228 1099 quamdam.

156 1125 210 1189 bei
222 1124 434 1190 reverentiam
443 1140 478 1188 se
490 1123 663 1205 componit,
674 1139 823 1206 eumque,
838 1123 918 1187 dum
932 1121 980 1186 illi
992 1123 1143 1203 privatim
1160 1122 1227 1189 las·

155 1232 236 1297 civia
252 1236 284 1297 et
298 1231 467 1307 ebrietate,
483 1230 637 1311 dignitate
654 1234 685 1295 et
699 1228 870 1294 sobrietate
883 1228 1009 1311 publice
1023 1229 1127 1294 colere
1139 1229 1226 1297 velle

154 1339 300 1413 videtur,
325 1338 414 1420 jocos
440 1336 615 1418 grandibus
652 1335 758 1400 verbis
789 1342 988 1417 temperans,
1024 1337 1225 1419 dithyrambi

154 1463 253 1529 quam
264 1444 393 1527 phallici
401 1443 507 1508 delirii
519 1443 664 1508 vicinior.
675 1443 758 1507 Turn
769 1443 867 1521 enim,
877 1461 917 1508 ne
927 1443 1226 1525 inl'hesmopborio

154 1550 300 1633 quidem,
326 1566 512 1632 quanquam
528 1548 574 1612 ibi
590 1547 759 1630 paululum
774 1566 889 1630 parcus
904 1549 1059 1635 licentiae,
1082 1549 1226 1615 abstinet

154 1655 291 1738 impuris
301 1655 445 1752 uocibus.
455 1655 575 1737 quibus
591 1672 655 1718 non
667 1655 803 1719 violatur
812 1655 964 1732 Bacchus,
982 1656 1036 1720 sed
1052 1656 1226 1738 castigator

154 1763 390 1844 vitiiasperior,
408 1762 536 1826 virtutis
550 1779 654 1843 praeco
674 1761 856 1838 sublimior,
872 1762 985 1842 maj0ri
1000 1767 1133 1826 testatur
1144 1780 1225 1829 voce

154 1869 231 1951 quid
240 1869 316 1933 boni
328 1868 470 1933 autmali
481 1869 537 1932 fiat
549 1869 581 1932 in
593 1866 818 1944 scena,verbis
828 1867 1043 1947 pressioribus
1052 1868 1227 1934 vibrantio
1258 1897 1264 1902 ·

152 1977 308 2060 ribusque
323 1969 515 2043 sententiam
527 1975 673 2039 moribus
687 1975 801 2039 utilem
817 1975 913 2051 acuit,
924 1993 1051 2039 errores
1063 1992 1138 2040 suos
1153 1977 1226 2058 ipse

155 2087 285 2164 purgat,
302 2089 344 2162 et,
355 2083 433 2147 dum
447 2082 523 2144 sinit
541 2081 668 2145 incendi
685 2082 817 2146 domum
830 2081 967 2146 Socratis
979 2082 1142 2172 quondam
1157 2083 1228 2162 sni,

52 2189 54 2193 '
153 2188 369 2269 Strepsiadem
389 2187 549 2269 objurgat.
579 2187 719 2268 Depibus
734 2189 874 2252 inscena
896 2205 1024 2270 semper
1035 2188 1225 2253 instauratis

68 2360 72 2367 ,
153 2313 218 2359 non
230 2294 389 2360 accumbit
399 2301 454 2359 aut
466 2295 734 2375 intemperantius
747 2294 927 2376 indulget³‚
946 2296 1014 2374 sed,
1033 2313 1119 2359 nunc
1131 2295 1225 2360 salta·

153 2401 232 2466 tioni
243 2401 434 2483 plerumque
446 2418 544 2465 sacrae
559 2399 706 2481 indulget
717 2405 760 2477 et,
773 2400 851 2464 dum
866 2401 1010 2465 humana
1025 2410 1144 2477 canunt
1152 2403 1222 2482 alii,

154 2506 262 2571 divina
275 2514 381 2582 tuens,
391 2508 604 2587 Hymenaeum
615 2507 715 2571 canit*
730 2512 787 2573 aut
795 2507 907 2571 livium
914 2509 935 2583 i,
946 2517 1002 2572 aut
1010 2525 1120 2588 pacem
1128 2511 1225 2575 Deos·

154 2631 214 2695 que
231 2613 338 2694 plures
351 2613 533 2691 celebrat&
554 2631 651 2690 nunc,
673 2632 710 2677 ea
729 2613 792 2678 nisi
812 2613 981 2687 adducitur
998 2621 1036 2678 ut·
1050 2616 1143 2679 iaciat
1162 2635 1224 2682 nec

155 2738 226 2784 sese
241 2720 388 2802 personis
403 2721 437 2785 in
455 2720 519 2784 fine
538 2719 711 2800 adjungat,
734 2720 832 2783 silens
847 2727 901 2785 aut
920 2739 1020 2802 pauca
1034 2722 1225 2803 simpliciter

155 2828 278 2905 dicens,
300 2827 390 2910 quasi
405 2826 559 2893 absolutis
574 2826 725 2907 religiosa
738 2827 833 2891 turba
847 2828 1058 2906 caerimoniis,
1074 2830 1220 2895 receditl.

195 2933 318 2997 Chorus
332 2933 431 3009 enim,
449 2932 596 3014 quamvis
610 2931 739 3012 sapius,
755 2948 853 3014 quam
868 2932 1013 2997 moribus
1027 2935 1145 2999 nostris
1163 2936 1223 3002 de·

155 3056 266 3102 corum
282 3044 344 3116 est,
364 3036 522 3101 inurbane
540 3036 689 3119 loquatur
703 3043 733 3101 et
753 3045 929 3114 moveatur,
954 3045 1064 3104 tamma
1084 3041 1224 3106 multam

90 3229 92 3235 Α
157 3164 283 3228 quoque
298 3145 395 3209 habet
408 3163 471 3227 qua
485 3151 617 3220 caeterae,
634 3149 669 3208 ut
683 3142 818 3208 comicas
839 3161 970 3227 aequum
982 3152 1041 3223 est,
1063 3164 1222 3227 personae,

188 3387 342 3449 abneptis
363 3387 460 3449 Roob,
481 3385 656 3450 Thesmopboa
671 3411 698 3420 -
711 3389 736 3437 2.
754 3389 781 3435 v.
802 3385 830 3435 in
847 3387 996 3451 Equitibus,
1020 3388 1146 3452 Nubibus,
1168 3391 1225 3439 Μ

155 3466 211 3530 pic,
231 3465 340 3536 deibus,
358 3465 450 3528 lionis,
472 3478 547 3528 quam
565 3463 653 3516 breues
667 3465 729 3514 fiant
740 3467 916 3517 intercinentis
929 3468 999 3518 chori
1011 3483 1097 3520 morae.
1108 3497 1139 3508 —
1149 3475 1172 3521 a.
1192 3474 1224 3522 In

155 3545 220 3595 licui.
231 3544 321 3594 tabulas
332 3545 410 3608 ipsius
422 3545 571 3593 necessitate
584 3545 709 3594 convivari
721 3543 806 3609 debet,
821 3546 864 3596 sed
877 3548 1051 3599 convivaturus
1065 3549 1167 3599 recedit.
1176 3553 1225 3601 Fa-

157 3623 260 3674 tendum
275 3627 394 3674 caeterum
404 3621 487 3686 epulis
502 3620 607 3671 chorum
617 3621 767 3672 abstinuisse
780 3624 864 3673 forsan
874 3623 906 3675 ob
915 3626 1007 3676 nimios
1014 3610 1234 3690 quoquefuturos'

156 3709 290 3768 apparatus
306 3708 381 3765 atque
399 3707 522 3765 sumptus.
541 3727 571 3738 ·-
582 3705 606 3753 4.
623 3702 703 3765 acb,
719 3705 787 3766 Pac,
799 3707 852 3755 do.
865 3730 896 3743 ·-
908 3709 931 3757 5.
949 3705 1016 3756 dcci.
1030 3734 1061 3743 -
1071 3711 1095 3757 6.
1116 3706 1222 3770 [νάειν.

66 3831 68 3836 .
155 3788 217 3837 -.7.
229 3785 290 3848 Eu,
305 3783 379 3843 llud,
396 3781 556 3846 Thesmopb„
573 3784 638 3846 Rau.
652 3809 681 3820 -
695 3785 755 3839 Quae
765 3783 797 3835 ad
811 3785 969 3836 saltationem
983 3786 1070 3848 chori,
1090 3784 1223 3837 desinente

119 3855 124 3864 ’
155 3862 250 3928 tabula,
267 3863 409 3926 pertinent,
423 3874 453 3910 ea
470 3873 559 3924 parum
577 3861 771 3911 constare'mihi
790 3862 914 3913 videntur.
935 3860 1103 3915 Recedentem
1115 3864 1222 3916 chorum

155 3943 286 4006 nunqnam
306 3940 396 3992 saltare
409 3939 555 3991 scholiastes
567 3939 609 4002 (ad
622 3943 693 4004 Vesp.
707 3941 734 3990 in
748 3940 817 4006 tini,
833 3942 926 3993 chorus
937 3945 990 4008 lpse
1003 3951 1064 3995 tunc
1080 3959 1106 3994 se
1130 3946 1222 3996 saltare

155 4022 226 4084 quasi
244 4021 315 4071 netas
329 4020 405 4082 dicit3
418 4021 447 4069 in
464 4019 529 4091 dccl.
546 4027 631 4072 tamen
646 4019 739 4070 saliens
755 4022 805 4070 exit
818 4021 851 4070 ad
865 4022 941 4086 dapes
957 4040 962 4074 :
977 4024 1047 4074 deest
1067 4024 1175 4075 iambica
1192 4027 1221 4074 in

155 4100 194 4150 his
206 4100 351 4152 conclusio?
