2768 4746
641 352 801 407 ..pa-

199 498 294 558 nam,
320 482 411 562 quasi
435 480 476 544 ob
498 479 595 561 hujus
616 480 886 543 continuationem
908 478 1090 559 respondet,
1109 477 1265 541 laudandi

197 593 254 652 aut
271 587 473 668 vituperandi
497 603 604 665 causa,
630 585 878 667 antistrophicus
902 591 1024 648 cantus.
1040 585 1136 649 Hunc
1145 583 1266 664 excipit

197 693 329 777 alterius
359 693 513 773 litigantis
542 692 664 767 oratio,
691 710 788 774 quam
818 693 886 774 ipse
910 690 1067 755 cantilena
1093 697 1129 754 ut
1158 691 1262 771 prior,

197 800 313 864 choms
329 807 436 864 autem
452 800 572 864 cantico
582 799 752 876 concludit,
770 817 825 862 seu
836 816 912 876 uno,
928 817 985 863 seu
1000 799 1034 862 in
1049 798 1214 879 stropham
1229 806 1278 875 et,

196 906 427 987 antistropham
442 907 543 970 diviso
553 910 573 970 ¹.

235 1014 380 1093 Longum
396 1023 428 1077 et
445 1013 682 1094 amplissimum
702 1019 749 1076 est
767 1011 827 1076 hoc
839 1013 977 1092 σύστημα.
994 1011 1160 1076 Strictiora
1174 1009 1227 1074 illa
1244 1028 1282 1084 e,

197 1138 364 1185 scenarum
378 1120 533 1184 fasciculis
547 1125 686 1201 sumpta.
715 1121 761 1183 lln
776 1118 914 1182 occurrit
934 1118 1013 1182 illud
1031 1119 1066 1181 in
1087 1120 1265 1181 Achomen-
1305 1189 1309 1195 ,

195 1228 312 1293 situm:
342 1227 457 1291 chorus
482 1227 549 1291 ruit
569 1225 733 1307 stropham
753 1242 875 1307 agens:
900 1225 1089 1301 «Verbera,
1112 1223 1260 1289 verbera.
1294 1305 1297 1312 Ι

195 1333 343 1398 *Ollam
356 1333 435 1397 mihi
445 1333 653 1415 perfringitis‚
664 1360 678 1388 ι
694 1335 808 1397 clamat
821 1332 1014 1413 Dicaeopolis.
1026 1331 1146 1412 Pugnis
1160 1331 1264 1411 igitur
1322 1331 1323 1334 ’

195 1440 348 1521 primum,
361 1457 446 1515 mox,
461 1439 590 1519 stropha
602 1447 739 1519 peracta,
752 1438 861 1517 lingua
874 1437 1122 1502 altercantur.Vi
1131 1454 1260 1510 rursus,

195 1551 264 1609 tum
283 1562 358 1609 vero
377 1545 586 1627 allicoeopoli,
607 1545 777 1618 intentata,
795 1542 912 1607 chorus
934 1540 1166 1622 antistropham
1186 1541 1264 1606 lacit

194 1669 293 1733 quam
311 1651 362 1715 hic
381 1652 488 1719 verbis
509 1652 577 1714 suis
601 1650 723 1714 dividit.
747 1650 953 1713 Paciscuntur
974 1655 1081 1712 autem
1104 1665 1147 1711 ne
1160 1664 1263 1712 manu

195 1759 396 1833 decernatur,
418 1757 632 1822 redemtione
648 1739 760 1820 t'redit
781 1752 925 1836 stropha,
945 1761 1057 1819 orante
1075 1754 1261 1835 llioaeopoli,

195 1865 403 1945 antistropha,
419 1872 599 1946 perorante.
614 1864 714 1936 Quam
728 1863 863 1928 solerter
877 1863 1086 1927 committitur
1101 1868 1133 1926 et
1146 1861 1262 1942 agglu-

195 1973 316 2036 tinatur
330 1973 427 2036 choro
442 1971 651 2036 adventitium
666 1971 827 2034 ἐπεισόδιονὶ
843 1971 1033 2049 Proserpina
1050 1969 1159 2051 epulas
1175 1986 1262 2032 nun-

196 2079 305 2154 tiante,
337 2078 477 2143 Bacchus
489 2078 677 2142 Herculeam
710 2086 831 2142 vestem
860 2077 1006 2142 Xanthiae
1036 2077 1158 2157 aufert,
1193 2078 1263 2158 ipse

196 2185 321 2249 sumit:
343 2188 412 2248 tum
432 2183 551 2248 Baccho
568 2183 746 2267 gratulatur
764 2184 880 2248 chorus
901 2181 1059 2265 strophico
1076 2188 1186 2256 cantu,
1209 2185 1263 2247 cui

196 2293 250 2358 ille
270 2294 391 2359 cantico
409 2293 597 2376 respondet.
620 2294 689 2357 lllox
712 2292 909 2357 minantibus
930 2293 1104 2373 cauponis,
1121 2292 1263 2357 Bacchus

197 2402 285 2464 exuit
297 2400 476 2480 Herculem,
494 2399 665 2463 Xanthiam
679 2398 803 2464 induit:
820 2404 891 2462 tum
905 2416 981 2463 voro
993 2399 1138 2464 Xanthia
1152 2406 1264 2480 gratu-

197 2504 281 2569 latur
301 2505 417 2569 chorus
437 2504 678 2584 antistrophico,
700 2502 751 2568 cui
776 2503 830 2567 ille
849 2502 995 2568 cantico⁸.
1022 2503 1159 2568 Ridiculi
1179 2504 1264 2568 mul·
1346 2520 1349 2524 ’

199 2619 268 2675 tum
291 2619 386 2694 atque
409 2610 484 2674 salis
498 2612 533 2675 in
550 2610 606 2673 illa
623 2609 732 2674 Bacchi
753 2610 1028 2688 dissimilitudine,
1052 2610 1264 2676 similitudine

198 2717 298 2782 chori.

237 2824 309 2888 Jam
323 2825 530 2889 manifestum
541 2833 589 2889 est
603 2832 680 2907 quot
690 2825 814 2907 legibus
827 2825 1025 2891 ordinandus
1039 2833 1123 2890 esset
1132 2825 1262 2902 chorus,

198 2931 314 3014 quibus
340 2940 448 2996 tamen
472 2943 563 3014 poeta
593 2933 727 2998 vinculis
753 2952 819 2999 non
846 2935 1019 3016 impeditus
1049 2933 1181 3013 languet
1200 2931 1265 2997 fri·
1342 2947 1349 2957 ·
1380 2931 1381 2935 ’

101 3074 108 3089 ·
169 3117 171 3120 ι
199 3044 304 3118 getve,
332 3055 390 3101 nec
417 3038 484 3101 suis
510 3056 637 3120 semper
657 3041 800 3120 vestigiis
822 3045 941 3122 reptat,
964 3040 1019 3105 sed
1036 3057 1168 3123 pressus
1187 3056 1264 3103 con-

199 3145 389 3226 strictusque
411 3147 557 3210 numeris
578 3146 713 3210 vividior
735 3147 817 3211 salit.
842 3151 954 3211 Datam
975 3147 1144 3211 materiam
1166 3163 1264 3210 exor-

200 3268 280 3314 nans
293 3258 399 3315 versat
416 3259 539 3332 argute,
554 3252 687 3317 chorum
701 3255 788 3318 varie
801 3256 943 3317 instruit.

90 3344 91 3348 ’
238 3358 340 3422 Intrat
370 3358 457 3421 enim
487 3359 607 3424 chorus
632 3366 690 3434 (ut
711 3360 882 3441 incipiente
907 3376 944 3424 eo
971 3359 1265 3441 incipiam),·nunc

198 3464 320 3540 tardus,
337 3481 424 3528 nunc
437 3463 536 3540 citus,
553 3482 641 3529 nunc
654 3482 803 3542 currens,
820 3484 906 3530 nunc
919 3466 1079 3531 Theomm
1094 3481 1262 3549 quaerens,
1330 3488 1334 3496 ·

199 3588 283 3634 nunc
296 3569 443 3635 Cleonem
453 3570 643 3644 verberans;
662 3589 748 3635 nunc
760 3573 965 3654 coryphaeum
980 3588 1116 3656 sequens
1130 3573 1266 3635 recitan-

197 3684 273 3752 tem,
295 3694 382 3740 nunc
403 3677 520 3742 saliens
537 3695 730 3760 canensque,
749 3688 844 3752 nunc,
865 3677 1078 3743 saltitantibus
1098 3679 1148 3742 vel
1167 3679 1266 3743 invite

167 3811 172 3820 ·
197 3781 370 3859 eruribus,
394 3801 458 3847 non
475 3799 592 3848 canens
613 3800 653 3846 ne
669 3784 811 3848 carmina
827 3784 895 3864 ipse
908 3801 1015 3849 crasso
1029 3786 1097 3848 risu
1115 3791 1265 3864 rumpat;

196 4089 211 4137 4
228 4010 297 4137 .1P.v·.
314 4010 360 4072 Ep.
382 4010 466 4074 terp„
484 4009 530 4060 do.
538 4043 547 4074 ,1
566 4012 646 4074 llam,
664 4014 711 4060 etc.
726 4035 755 4046 -
766 4013 790 4060 2.
810 4012 927 4063 too-39³.
942 4036 972 4048 -
985 4014 1009 4063 3.
1024 4012 1090 4063 Ros.
1105 4011 1219 4062 aot-ool.
1234 4035 1266 4047 -·

173 4123 176 4130 f
214 4121 220 4133 .
255 4091 368 4152 or‚³25.
527 4128 530 4133 >
628 4128 633 4138 .
771 4147 775 4150 ,
954 4119 957 4122 «
1162 4118 1165 4123 ·
1247 4126 1258 4134 »-
