2768 4746
667 354 822 412 „gq-

211 489 355 565 ouribus,
372 489 427 570 qui
442 486 661 569 Phrynichum
675 486 832 567 tragicum
853 490 887 549 ut
903 486 1063 568 optimum
1077 487 1282 566 paterichiae-

207 598 426 679 lebraverunt,
442 594 660 677 Phrynichum
670 600 778 658 autem
789 593 948 658 comicum
963 601 999 658 ut
1010 593 1177 675 κακόμιτρον
1187 596 1196 631 ¹
1208 612 1281 660 exa-

211 701 403 782 gitaverunt,
412 701 613 783 gratissimus
626 701 738 765 suisset
753 718 858 782 neque
872 706 918 765 tot
930 702 1072 783 praemiis
1083 709 1207 778 auctus,
1218 702 1281 767 nisi

211 807 367 890 quidquid
381 808 420 871 ad
437 808 593 871 musicam
615 815 780 889 metraque
793 809 932 889 pertinet
945 807 1174 890 perfectissime
1188 827 1281 874 exer-

210 914 337 978 cuisset.
354 914 428 986 Quae
445 916 526 978 ratio
538 921 641 978 metra
662 913 811 994 eligendi,
834 914 1019 991 collocandi,
1036 915 1165 996 aptandi
1182 915 1280 981 simul

209 1021 306 1087 rebus
328 1022 537 1105 personisque
555 1028 586 1085 et
607 1021 789 1097 sententiis,
811 1028 936 1085 etcum
962 1026 1077 1096 cantu,
1096 1023 1226 1103 organis
1248 1030 1280 1088 et

210 1131 377 1195 saltatione
394 1130 618 1212 componendi,
636 1148 676 1193 ne
703 1129 780 1212 quid
802 1129 854 1193 oui
870 1129 1050 1205 inserviret,
1070 1128 1190 1194 nedum
1207 1148 1280 1195 car·

209 1255 294 1315 men,
312 1245 348 1303 ut
361 1255 513 1320 magnam
525 1238 744 1302 necessitatem
757 1237 1064 1318 Juounditatemque,
1078 1237 1123 1300 sic
1137 1237 1279 1301 difficul-

208 1351 305 1409 tatem
330 1349 406 1408 san'e
423 1343 571 1417 habebat,
594 1362 652 1408 nec
671 1345 703 1407 in
720 1345 814 1407 certis
831 1343 956 1424 legibus
970 1343 1066 1406 modo
1083 1344 1185 1423 posita
1197 1353 1276 1420 erat,

208 1452 319 1516 sedin
340 1452 450 1516 subtili
476 1451 582 1533 aliquo
603 1451 731 1515 aurium
748 1450 868 1532 judicio
892 1451 976 1533 quod
995 1450 1166 1515 adhibebat
1187 1458 1278 1533 poeta

207 1561 348 1625 comicus
364 1559 549 1635 condendis,
563 1559 772 1641 spectantium
789 1559 884 1623 turba
896 1559 1117 1624 examinandis
1130 1559 1279 1623 carmini-

207 1670 279 1745 bus,
302 1668 449 1751 quodque
463 1667 513 1731 cui
529 1666 662 1742 deesset,
681 1684 757 1729 eum
771 1664 927 1728 advenam
942 1683 1012 1729 esse
1027 1673 1082 1729 aut
1098 1666 1278 1730 subodora-

207 1777 325 1841 bantur
340 1780 395 1839 aut
411 1774 520 1856 utique
534 1773 802 1838 contendebant&

209 1903 220 1912 ·
246 1881 343 1947 Nobis
366 1881 464 1963 igitur
487 1890 536 1943 sat
557 1881 617 1943 erit
635 1880 910 1958 animadvertere,
934 1899 1008 1944 cum
1028 1899 1092 1944 non
1114 1881 1276 1962 possimus

205 1990 308 2070 plura,
320 1988 389 2051 haec
403 1995 515 2060 metra,
526 2003 597 2067 que
611 2002 669 2049 nec
680 1984 908 2066 distinguimus
928 1987 990 2050 alia
1003 1989 1044 2051 ab
1056 1987 1128 2051 aliis
1142 2006 1201 2053 nec
1216 2007 1276 2053 no-

207 2094 388 2168 minam,
407 2094 450 2156 ita
466 2092 505 2156 ab
520 2092 731 2173 Aristophane
753 2078 873 2157 delecta
891 2102 922 2158 et
940 2093 1215 2171 collocatasuisse,
1241 2098 1277 2158 ut

207 2219 419 2267 numerorum
433 2219 560 2265 summa
574 2202 629 2277 sit,
649 2218 734 2264 nunc
748 2201 854 2282 ampla
869 2208 899 2265 et
918 2201 1035 2283 gravis,
1047 2219 1122 2265 cum
1140 2202 1276 2284 AEscbyli

207 2310 272 2373 vim
286 2309 444 2390 exprimat
460 2314 491 2372 et
509 2306 633 2386 luxum,
649 2324 736 2369 nunc
755 2306 904 2370 volubilis
920 2314 951 2370 et
960 2307 1051 2389 quasi
1068 2307 1163 2385 alata,
1176 2309 1276 2372 advo·

207 2417 349 2481 rantibus
362 2416 507 2480 Nubibus
530 2422 584 2479 aut
600 2414 738 2478 Avibus:
753 2413 806 2478 hio
822 2415 961 2490 brevitas
975 2413 1183 2496 syllabarum,
1202 2416 1273 2479 bre-

207 2526 287 2588 vitas
306 2523 532 2588 vocabulorum
549 2531 697 2603 superat;
719 2522 784 2585 illic
803 2522 899 2602 longa
915 2528 945 2585 et
958 2521 1092 2585 roborea
1107 2521 1205 2586 verba
1222 2541 1230 2587 :
1249 2523 1275 2585 si

209 2649 274 2696 non
289 2631 340 2695 hic
354 2638 402 2694 est
414 2648 488 2694 vere
506 2629 688 2710 rhythmus,
708 2628 890 2708 gratissima
910 2634 959 2690 est
976 2646 1187 2692 numerorum
1202 2636 1276 2692 cum

208 2738 375 2803 sententiis
391 2736 566 2801 concordia.
584 2737 683 2799 Porro
701 2753 764 2797 non
784 2735 895 2799 eadem
912 2742 961 2799 est
980 2738 1151 2802 verborum
1165 2737 1276 2802 levitas

210 2853 242 2914 et
255 2847 413 2921 velocitas,
430 2862 613 2928 quanquam
632 2844 666 2906 in
686 2843 883 2907 carminibus
899 2862 968 2908 sese
982 2845 1120 2908 sublime
1135 2845 1276 2908 efferen-

208 2956 306 3030 tibus,
322 2973 393 3018 cum
411 2952 664 3032 Thesmophoria
681 2951 878 3016 celebrantes
894 2959 949 3015 aut
962 2934 1113 3016 'invocant
1128 2953 1207 3015 Deos
1222 2958 1275 3015 aut

209 3058 341 3127 choreas
352 3060 537 3141 implicant3
559 3077 662 3139 neque
677 3059 762 3122 idem
777 3076 986 3122 numerorum
1005 3066 1096 3122 tenor
1111 3067 1142 3122 et
1157 3057 1274 3135 fluxus,

209 3189 283 3235 eum
297 3172 376 3233 hves
387 3169 468 3232 alata
481 3175 610 3242 canunt,
626 3173 681 3230 aut
697 3167 874 3249 precipites
888 3167 971 3230 circa
985 3167 1164 3231 Pisthetaeri
1178 3187 1274 3250 spon·

208 3288 278 3343 sam
293 3277 463 3359 trepidant.
479 3275 565 3339 Nihil
581 3275 632 3338 bic
644 3275 851 3357 interestque
864 3274 955 3355 lyrici
970 3283 1070 3356 poetae
1083 3277 1214 3340 metrica
1230 3277 1276 3340 di·

209 3384 391 3451 visionensi
405 3384 534 3458 fuerint‚
550 3400 621 3463 quae
638 3390 685 3444 est
700 3381 733 3443 in
747 3380 875 3461 ancipiti
888 3380 1022 3462 quaestio
1039 3400 1135 3444 :nam
1151 3383 1216 3446 sive
1228 3402 1276 3446 se-

209 3501 358 3575 paratum
376 3493 407 3554 in
424 3507 547 3566 versuS,
562 3490 628 3551 sive
642 3490 863 3551 continuatum
883 3471 943 3550 suit
962 3505 1103 3564 carmen,
1125 3506 1189 3552 non
1204 3490 1275 3554 ideo

209 3602 302 3665 aliter
317 3598 427 3664 detecti
444 3605 518 3662 surit
537 3594 764 3659 vocabulorum
785 3595 912 3657 numeri
936 3603 991 3658 aut
1010 3594 1100 3658 aliter
1117 3596 1272 3678 dispositi,

205 3707 263 3774 'ded
282 3706 433 3772 eumdem
451 3721 565 3768 sonum
581 3701 794 3781 eumdemque
807 3700 911 3764 locum
926 3701 1076 3781 retinent,
1093 3711 1134 3780 et,
1154 3712 1274 3768 mutata

204 3815 421 3881 distribuendi
441 3815 473 3876 in
489 3813 634 3877 membra
651 3809 803 3873 carminis
820 3808 954 3886 ratione,
976 3804 1145 3891 permanet
1159 3831 1273 3877 nurne-r

203 3942 316 3988 rorum
330 3923 422 3987 ratio.

219 4103 220 4107 ¹
241 4146 261 4192 v.
280 4140 363 4190 senor.
380 4139 412 4188 aa
429 4141 507 4200 viai,
531 4141 568 4188 13.
583 4165 613 4172 -
630 4140 652 4187 r.
674 4123 753 4198 itia„
767 4135 798 4186 ce
810 4137 865 4186 eoa.
891 4205 894 4210 ¹
