2768 4746
636 355 675 367 ..
698 312 734 379 η
756 355 796 367 ..

197 454 259 530 via,
270 462 301 517 et
308 454 408 535 jocos,
424 452 570 529 crimina,
582 453 690 534 jurgia
703 453 869 517 miscendi.
883 453 951 537 Non
962 471 979 517 e
990 471 1024 518 se
1033 454 1102 535 ipso
1113 453 1262 535 prompta

196 561 413 642 spectantibus
427 559 519 624 affert
535 567 646 641 poeta,
674 559 729 622 sed
743 577 762 623 a
778 560 893 641 populo
908 561 1076 642 desumpta
1086 578 1105 632 ,·
1115 577 1190 642 quae
1204 576 1263 622 soa

196 670 225 732 ei
245 667 396 731 restituit.
422 667 503 730 Tum
526 666 687 730 theatrum
710 672 758 729 est
776 664 892 729 domus
909 673 963 730 aut
976 665 1036 729 lori
1052 666 1145 748 quasi
1156 663 1263 729 conti·

195 773 325 847 nuatio,
349 773 414 837 imo
431 771 537 836 lorum
553 773 660 853 ipsum
680 772 713 835 in
731 772 890 853 parabasi.
920 772 979 846 Qui
995 771 1177 853 discrepant
1191 788 1263 853 quae

197 880 298 956 intra,
313 897 386 962 quae
399 887 488 943 extra
502 878 664 942 theatrum
678 877 783 942 fiunti
796 879 844 942 ut
857 879 975 942 chorus
988 879 1099 940 nudus
1111 874 1270 939 intercipit

195 996 295 1061 actus,
320 985 365 1049 sic
390 1003 483 1050 scena
508 983 577 1048 dies
603 983 701 1048 festos
724 983 897 1048 intercinit.
925 984 1078 1066 Utrinque
1100 984 1263 1046 instructae

197 1074 318 1172 epulae,
340 1091 490 1173 utrinque
507 1097 637 1167 cantus,
657 1090 750 1166 vina,
771 1093 907 1166 scorta¹;
935 1090 1071 1170 incoepta
1085 1088 1173 1153 domi
1190 1095 1265 1153 ante

198 1215 339 1272 scenam,
350 1197 578 1263 continuantur
589 1197 623 1259 in
634 1214 737 1272 scena,
750 1203 786 1260 ut
798 1196 1029 1261 concludantur
1038 1211 1111 1277 post
1122 1213 1262 1259 scenam.

199 1301 292 1368 Sedet
319 1303 404 1366 inter
428 1305 602 1382 spectantes
625 1300 736 1364 Bacchi
762 1301 930 1378 sacerdos,
956 1300 1093 1366 convivii
1115 1301 1150 1364 in
1170 1317 1265 1364 scena

200 1410 301 1490 parati
315 1409 419 1485 testis,
440 1425 514 1471 mox
529 1406 665 1471 convivii
680 1407 765 1488 apud
781 1408 887 1488 ipsum
903 1408 1005 1489 parati
1023 1406 1202 1480 convictor,
1223 1407 1265 1469 ad

183 1513 285 1594 'quod
298 1511 499 1594 Dicaeopolim
515 1512 683 1578 invitanti
712 1513 807 1577 Potus
822 1521 978 1594 spectator
992 1520 1140 1595 potarum
1154 1530 1266 1594 perso·
1292 1512 1303 1519 ’

147 1662 155 1698 z
199 1620 408 1685 narumlacte
423 1619 523 1695 ridet,
549 1609 676 1698 laudat,
701 1639 775 1684 mox
790 1621 1091 1696 imitaturussSun,
1112 1637 1207 1697 suos,
1231 1638 1267 1685 se

200 1728 308 1809 ipsum
338 1728 371 1791 in
401 1746 494 1792 scena
522 1728 655 1792 noscitat
685 1746 692 1791 :
721 1728 806 1793 hunc
833 1728 1007 1792 cbor'euten
1036 1727 1131 1792 ricini
1160 1725 1267 1790 filium

199 1835 352 1917 agnoseit,
370 1835 461 1901 illum
476 1853 588 1913 suum;
605 1854 623 1899 a
638 1835 836 1900 sacrificante
844 1837 977 1918 Trygaeo
992 1836 1031 1898 ad
1048 1836 1144 1916 dapes
1159 1852 1268 1898 sacras

202 1941 379 2021 invitatum,
389 1960 408 2005 a
419 1942 596 2022 jocantibus
610 1942 757 2023 personis
772 1943 805 2006 in
813 1942 902 2024 jocos
915 1936 1097 2016 advocatur,
1108 1959 1189 2024 quos
1203 1940 1268 2004 nisi

200 2046 403 2127 arriperetet
419 2046 632 2125 continuaret,
649 2064 687 2109 ex
703 2048 812 2128 paucis
827 2047 939 2123 multa,
958 2064 996 2110 er
1016 2045 1162 2109 obscuris
1182 2044 1270 2109 clara

201 2150 559 2233 intelligens...bebetes
580 2152 798 2234 frigescerent.
830 2154 881 2218 Sic
901 2152 1032 2218 colludit
1054 2153 1140 2234 ipse,
1169 2169 1269 2235 agens

202 2277 389 2341 personam,
414 2276 489 2342 pars
502 2259 634 2323 dimidia
649 2259 783 2336 fabulae,
798 2259 940 2343 periculo
956 2277 1014 2323 suo
1029 2277 1099 2322 eam
1115 2258 1204 2322 alens
1216 2264 1269 2321 at-

199 2385 263 2447 que
278 2384 411 2447 augens,
425 2384 511 2430 nnnc
525 2367 649 2430 derisor
664 2367 800 2448 proximi
815 2367 986 2431 sessoris-a
1003 2383 1096 2429 scena
1111 2365 1270 2428 nominali
1288 2360 1299 2395 ·’
1350 2398 1353 2405 -

202 2479 297 2552 atque
311 2471 457 2553 impetiti,
478 2490 548 2535 mox
562 2472 631 2553 ipse
647 2472 784 2537 derisus.
801 2464 906 2555 Vespa
919 2473 1049 2549 comica,
1063 2472 1171 2536 aculeo
1183 2487 1269 2552 pun·

202 2595 282 2658 gens
294 2595 420 2655 omnes,
437 2596 561 2643 ascena
575 2580 669 2657 volat,
686 2580 771 2643 volat
789 2581 874 2653 risus
893 2598 950 2661 per
971 2597 1111 2654 scenam,
1134 2595 1192 2660 per
1209 2595 1270 2641 ou-

203 2703 292 2760 neos,
307 2694 365 2766 per
378 2686 526 2767 compita,
541 2686 714 2768 omniaque
728 2686 880 2750 incendit.

200 2816 203 2821 ⁴
223 2790 427 2866 *Ouislocus
440 2791 525 2855 inter
535 2790 614 2864 haec,
630 2790 694 2853 illis
706 2797 897 2855 naturarum
911 2791 1178 2874 ingeniorumque
1191 2807 1267 2871 per-

203 2896 345 2961 ficiendis
367 2897 634 2979 descriptionibus
653 2903 683 2960 et
698 2896 831 2979 picturis
845 2896 963 2980 quibus
977 2898 1182 2981 potissimum
1198 2915 1269 2961 sese

202 3003 424 3083 applicuerunt
436 3020 517 3066 nova
531 3003 713 3070 Graecorum
728 3010 759 3066 et
775 3003 1082 3066 postmomodum
1108 3003 1167 3067 Vix
1183 3019 1269 3067 unus

202 3106 380 3189 descriptus
395 3113 443 3173 est
458 3109 652 3189 φιληλιάστης,
670 3107 770 3171 Attico
787 3108 907 3190 magis,
924 3108 1010 3190 qnod
1024 3116 1141 3170 nomen
1159 3108 1268 3188 ipsum

202 3215 375 3296 significat,
393 3234 490 3296 qnam
505 3215 647 3280 humano
660 3214 740 3279 wvitio
757 3201 929 3290 notandus,
945 3232 1004 3278 nec
1017 3213 1071 3278 ille
1086 3213 1155 3277 sine
1174 3231 1269 3278 scur-

202 3322 321 3387 rilitate
336 3323 497 3405 depictus,
522 3340 580 3386 nec
600 3320 662 3385 sibi
679 3329 846 3398 constans,
875 3322 931 3384 sed
951 3339 969 3383 a
985 3318 1093 3382 lurore
1103 3318 1267 3400 judicandi

203 3431 241 3493 ad
266 3431 408 3494 furorem
436 3429 637 3511 computandi
661 3447 814 3510 vergere,
844 3428 930 3491 unde
954 3426 988 3490 in
1014 3424 1079 3489 fine
1102 3426 1220 3506 pocula
1237 3432 1268 3489 et

153 3576 156 3581 -
203 3555 333 3612 mensae,
350 3537 434 3621 quod
451 3543 518 3601 erat
533 3537 791 3600 monstrandum.
818 3536 856 3599 ln
870 3535 992 3607 caeteris
1006 3533 1124 3597 sabulis
1138 3531 1175 3595 fit
1187 3532 1268 3596 levis

237 3773 302 3821 l.1)e
315 3760 508 3820 Atheniensibus
519 3769 602 3820 dicere
617 3768 731 3832 estquod
745 3767 814 3818 Plato
827 3769 904 3833 (lep,
923 3770 943 3833 l)
955 3769 1031 3818 refert
1043 3766 1074 3816 de
1085 3765 1166 3815 Attica
1177 3768 1267 3815 Taren·

203 3849 314 3900 tinorum
329 3849 438 3914 colonia,
457 3855 536 3900 totam
555 3849 681 3900 civitatem
698 3863 742 3913 per
760 3848 927 3900 Bacchanalia
940 3849 1045 3900 ebriare.
1061 3850 1089 3897 V.
1104 3845 1266 3909 Athenaeum,

203 3933 247 3993 lv,
264 3932 301 3982 14.
317 3958 343 3966 -—
357 3935 381 3982 2.
398 3930 473 3995 Ara,
490 3934 558 3983 1083.
573 3959 599 3968 -
613 3935 637 3982 3.
657 3932 721 3993 Pur,
739 3933 887 3999 1¹¹.5·-4·
906 3933 934 3979 ln
953 3937 1035 3982 vetere
1052 3928 1175 3980 oomoedla
1187 3941 1268 3978 unum

204 4009 323 4074 Phrynici
336 4012 495 4074 Μονὸτροπον
508 4011 550 4073 qui
564 4010 595 4060 ad
610 4005 672 4059 iliud
682 4022 763 4071 genus
778 4011 900 4059 referatur
911 4011 1032 4074 reperias,
1047 4011 1110 4070 imo,
1130 4021 1187 4058 cnm
1201 4021 1216 4056 a
1229 4006 1270 4055 de-

192 4098 195 4103 ·
205 4095 272 4139 creto
283 4097 440 4140 coerceretur
452 4091 521 4140 chori
532 4089 646 4150 libertas,
663 4090 792 4153 scriptum.
