2768 4746
675 361 835 419 -0g..

197 510 272 559 rum
296 491 351 558 illa
375 492 474 556 verba
499 490 641 573 prudens
667 490 849 556 distribuat.
877 491 1041 574 Nusquam
1071 491 1158 556 enlm
1185 492 1269 556 alias

195 599 394 664 manifestior
408 604 538 682 apparet
558 599 702 679 cognatio
718 616 849 681 poeseos
865 604 897 663 et
917 598 1064 681 pictura,
1091 615 1151 663 nec
1169 598 1271 681 quid-

196 711 430 788 quamapoeta
443 704 563 787 picum
582 705 725 768 carmine
741 705 896 787 reperias,
917 705 1002 787 quod
1017 721 1082 768 non
1103 709 1140 769 et
1163 692 1270 786 pictor

195 812 299 877 colore
314 811 490 890 informare
503 812 537 874 in
551 810 661 875 tabula
674 811 784 892 possit.
799 811 868 875 Imo
878 810 1004 874 videtur
1018 826 1268 893 nonnunquam

195 919 422 1001 Aristophanes
436 919 557 1002 stylum
572 920 726 984 direxisse
741 920 781 984 ad
794 918 960 1001 exemplar
973 919 1157 985 tabularum
1177 919 1268 984 fama

193 1026 409 1106 cognitarum,
426 1031 481 1089 aut
497 1025 610 1090 saltem
623 1027 681 1089 has
695 1033 802 1090 mente
816 1026 945 1104 vidisse,
963 1025 1055 1089 ulad
1070 1026 1148 1089 artis
1165 1025 1268 1108 hujus

195 1129 440 1194 similitudinem
452 1135 555 1194 artem
571 1147 662 1195 suam
677 1131 848 1211 dirigeret:
864 1129 1078 1193 imitationem
1090 1130 1176 1193 enim
1191 1145 1269 1209 pro-

194 1236 303 1300 fitetur
316 1235 442 1299 Amoris
456 1235 539 1298 rosis
552 1235 704 1309 coronati,
725 1253 743 1297 a
761 1233 899 1297 Zeuxide
922 1233 1009 1314 picti,
1033 1240 1064 1296 et
1082 1232 1270 1296 Heraclida-

195 1359 269 1405 rum
284 1341 484 1423 supplicum,
502 1342 556 1445 qui
571 1347 646 1404 sunt
657 1340 813 1422 Pamphili
826 1343 846 1404 ¹.
1138 1324 1145 1337 ’

234 1450 297 1511 Has
310 1454 418 1512 autem
434 1434 703 1528 tabulas'eifingit
725 1453 817 1528 poeta
838 1447 878 1510 ad
899 1447 1110 1510 imitationem
1132 1446 1267 1529 quidem

193 1554 336 1636 picturae,
353 1554 392 1617 ad
404 1554 621 1618 necessitatem
637 1571 712 1617 vero
727 1553 817 1635 lyrici
831 1553 993 1617 carminis.
1009 1554 1141 1616 Miconte
1158 1551 1268 1618 brevi·
1346 1542 1360 1559 ’

192 1664 243 1721 ter
256 1665 349 1740 atque
363 1658 510 1721 avolante
520 1657 598 1738 lyra
611 1674 702 1732 sono,
719 1656 885 1738 splendeat
903 1664 1026 1736 oportet
1045 1656 1168 1737 efligies
1189 1655 1268 1720 bre·

196 1764 255 1842 vis,
273 1780 378 1845 neque
391 1762 620 1843 compositione
634 1762 818 1842 multiplex,
834 1779 938 1843 neque
951 1760 1142 1838 multicolor,
1159 1779 1270 1845 neque

194 1867 432 1932 continuatione
445 1868 623 1949 imaginum
637 1868 814 1933 luxurians.
823 1869 924 1933 Unam
942 1871 1200 1951 precipuamque
1215 1872 1268 1936 roi

144 2042 146 2046 Α
193 1974 331 2055 figuram
345 1974 434 2055 eligit
447 1973 550 2055 poeta,
568 1993 666 2056 quam
682 1994 747 2040 non
767 1976 925 2053 describat
940 1976 1139 2057 delineetque
1158 1977 1268 2059 magis

193 2095 291 2161 quam
307 2079 465 2159 exprimat
485 2087 516 2143 et
532 2081 662 2161 pinget:
681 2081 721 2145 ab
736 2083 824 2164 epico
838 2091 910 2147 vate
921 2083 1113 2149 describitur
1133 2085 1173 2147 ad
1190 2085 1269 2167 pin-

195 2183 336 2265 gendum
359 2184 652 2269 continuanturque
678 2187 887 2252 describendo
914 2188 1089 2270 imaginem
1115 2191 1168 2254 dat
1192 2189 1269 2273 lyra

193 2290 290 2352 unius
307 2289 458 2370 imaginis
474 2289 578 2355 lucem
595 2309 748 2372 magnam
765 2294 970 2378 brevemque.
987 2296 1038 2360 Sic
1054 2297 1231 2362 Pindarus:

475 2429 599 2494 Παρθένον
607 2431 696 2480 κεδνὰν
708 2433 763 2496 χερὶ
771 2433 851 2496 χειρὸς
864 2434 926 2484 ἐλὼν

429 2507 486 2571 ἆγεν
504 2509 623 2559 ἱππευτᾶν
638 2512 759 2573 Νομάδων
773 2512 804 2561 δι’
819 2513 916 2576 ὅμιλον

536 2591 621 2641 Πολλὰ
631 2594 674 2656 μὲν
687 2598 765 2643 κεῖνοι
777 2595 845 2644 δίκον

585 2672 653 2734 φύλλ’
665 2671 705 2720 ἐπι
715 2673 758 2721 καὶ
772 2674 935 2736 neapoleone.

194 2785 324 2849 Brevior
337 2784 449 2867 hymni
464 2785 625 2850 Homerici
639 2792 769 2851 auctor:

381 2958 631 2976 ............
644 2927 716 2990 λύγοι
731 2927 753 2976 δ’
762 2927 1023 2987 &adulteriumne

379 3007 472 3070 Χειρῶν
483 3005 528 3064 ἠδὲ
537 3007 635 3054 ποδῶν·
653 3009 666 3055 δ
679 3008 705 3056 δὲ
719 3007 832 3069 μειδιάων
845 3010 950 3069 ἐκάθητο

381 3083 474 3148 δμμιισι
484 3086 611 3135 κυανέοισι
618 3087 635 3134 ³.

194 3204 264 3267 Non
279 3202 371 3267 aliter
385 3201 610 3284 Aristophanes
624 3221 631 3266 :

304 3340 401 3405 Alpcad’
415 3341 481 3404 αὐτῷ
492 3339 554 3390 πολὺ
569 3340 598 3389 τδ
611 3340 691 3406 ῥόθιον
701 3378 708 3401 ,
718 3342 929 3406 παραπέμψοτ’ἐφ’
944 3345 1032 3396 ἕνδεκα
1043 3346 1137 3403 κώπαις

537 3420 639 3485 θόρυδον
653 3420 760 3486 χρηστὸν
776 3420 905 3486 ληναΐτην,

536 3500 568 3547 lv'
577 3499 593 3547 d
603 3500 707 3558 ποιητὴς
719 3499 778 3563 &stip
792 3500 895 3567 χαίρων,

502 3603 503 3606 ¹
536 3579 635 3642 φαιδρὸς
646 3577 766 3640 λάμποντι
776 3581 885 3646 μιτώπφ
892 3583 909 3633 ⁴.

196 3695 283 3760 Adde
299 3696 446 3772 comica⁸‚
463 3700 626 3774 venusta⁸,
639 3698 804 3778 graminea
817 3706 847 3766 ct
859 3705 1000 3768 amena'.
1014 3704 1156 3776 Quarum
1171 3708 1268 3774 tabu·
1285 3784 1286 3787 Ἴ
1356 3788 1372 3806 Ο

216 3959 251 4004 ἰ.
268 3953 341 4028 lon,
359 3958 417 4018 9923
430 3955 514 4018 elea,
528 3958 588 4019 san
602 3956 637 4004 cr.
653 3957 883 4023 monsone„
895 3964 933 4012 so.
949 3989 977 3998 -
991 3966 1014 4012 s.-
1032 3952 1158 4026 Portica,
1171 3968 1214 4016 rx.
1232 3996 1263 4006 -

195 4033 219 4080 3.
232 4031 323 4092 ligneo.
336 4029 526 4094 inducebam,
547 4033 584 4083 13.
599 4057 629 4068 ·-
646 4035 669 4083 d.
686 4035 746 4096 Eg..
763 4037 807 4086 545
828 4049 929 4100 sqq.*—
945 4041 968 4090 5.
983 4039 1059 4102 ricla,
1081 4043 1164 4105 11563·
1176 4047 1266 4093 sto.-
1288 4068 1293 4076 -

194 4110 216 4158 δ.
236 4110 301 4158 liam
308 4146 314 4174 ,
333 4112 392 4172 4093
406 4111 509 4173 Lusisti.
520 4147 525 4172 ,
536 4113 595 4174 3263
611 4117 658 4160 ato.
667 4139 696 4148 -
706 4117 729 4163 7.
739 4112 850 4178 Thesm,
864 4120 924 4181 99⁵3
934 4125 982 4168 etc.
