2768 4746
632 339 790 397 ..Μ’-

192 474 245 540 dia
258 491 324 556 prae
342 490 377 538 se
393 471 454 536 lert
470 487 578 534 rerum
594 487 868 554 personarumque
883 471 1030 535 decorem
1045 474 1077 534 et
1091 475 1259 549 tenorem3
1305 498 1313 504 ·

194 580 228 643 in
240 578 395 643 comoedia
409 596 428 642 a
441 577 610 641 contrariis
624 577 664 640 ad
673 577 832 641 contraria
840 578 876 641 lit
886 578 1006 660 ubique
1020 578 1132 672 saltus,
1144 579 1179 642 in
1188 585 1262 644 tra-

192 685 297 766 goedia
318 686 403 748 inest
423 684 535 766 utique
555 683 739 765 compositae
759 684 924 766 cujusdam
946 683 1167 766 aequabilitatis
1184 685 1263 764 dig-

193 793 287 866 nitas,
303 792 354 856 cui
370 808 447 854 sane
461 789 559 854 elficit
574 789 626 854 hic
640 791 680 854 ad
695 796 856 866 extranea,
872 809 936 873 quo
950 791 1067 870 gaudet
1078 791 1261 872 Euripides,
1356 854 1362 863 ,

192 904 355 981 respectus
372 903 403 961 et
417 915 479 960 vox
500 903 601 977 poetae
623 896 707 960 inter
721 914 936 978 personarum
951 897 1109 980 colloquia
1124 897 1259 961 discors.

192 1006 352 1071 Gomoedie
365 1005 481 1068 saltem
497 1022 562 1068 non
577 1004 693 1085 decipit
708 1004 851 1067 incautos
865 1012 921 1068 eut
936 1004 982 1067 nil
996 1004 1059 1068 tale
1070 1010 1262 1085 exspectan·-

150 1110 157 1126 '
192 1120 258 1190 tes;
281 1131 347 1177 non
370 1106 511 1188 furtim,
529 1109 585 1178 sed
606 1110 711 1191 palam
732 1110 800 1174 haec
816 1112 926 1185 audet,
952 1111 1262 1193 concionaturusque

192 1221 308 1285 chorus
321 1237 339 1283 e
354 1219 489 1283 statione
504 1219 542 1281 ad
556 1222 747 1299 spectatores
757 1218 884 1295 migrat.
902 1217 963 1281 Nec
972 1234 1137 1300 nunquam
1149 1217 1261 1292 etiam,

193 1329 220 1392 si
235 1328 421 1392 concionare
434 1325 469 1389 in
483 1325 592 1389 animo
606 1321 714 1399 habet,
732 1323 997 1388 concionaturum
1013 1343 1047 1387 se
1064 1330 1185 1400 monet,
1202 1343 1261 1406 pa-

192 1434 322 1498 rabasin
346 1438 441 1497 cantu
467 1431 612 1495 imitatus
640 1450 648 1495 :
673 1431 780 1494 Nubes
805 1429 1051 1511 epirrhematica
1077 1430 1265 1495 recitatione
1347 1471 1352 1476 -

193 1546 341 1616 utuntur,
351 1557 425 1603 cum
439 1537 641 1620 grandinem,
656 1537 786 1618 repulso
804 1542 908 1616 poeta,
925 1537 1100 1614 minantur,
1118 1542 1190 1615 aut,
1207 1554 1262 1602 co-

192 1648 316 1722 ronato,
331 1643 522 1725 pollicentur
535 1642 705 1723 pluviam¹.

232 1751 304 1815 Jam
320 1748 483 1830 parabasis
503 1765 567 1811 non
586 1747 689 1811 solum
713 1747 830 1811 lasciva
846 1747 1011 1811 comoediae
1034 1749 1260 1829 peregrinatio,

193 1863 357 1940 poetaque
380 1855 578 1936 praedicatio,
602 1871 717 1918 verum
738 1855 834 1917 etiam
854 1859 903 1917 est
923 1854 1013 1918 chori
1034 1855 1114 1918 lacta
1133 1854 1263 1936 abipso

193 1964 373 2028 vindicatio.
399 1962 455 2024 Hic
472 1957 559 2024 enim
582 1978 615 2022 se
633 1966 769 2024 testatur
791 1960 905 2037 ducem
930 1961 1184 2044 magistrumque
1204 1980 1263 2026 co·
1344 2022 1347 2027 ,

193 2071 338 2145 moediae,
364 2085 456 2132 suam
471 2086 541 2132 rem
556 2068 606 2147 agi
625 2068 658 2130 in
676 2084 790 2142 scena,
815 2085 909 2131 suum
925 2085 994 2132 esse
1008 2076 1150 2148 poetam,
1169 2088 1261 2133 suam

194 2180 279 2255 lore,
293 2177 321 2240 si
335 2176 409 2239 huic
422 2175 621 2249 decernatur,
636 2189 799 2239 coronam.
828 2175 891 2239 Nec
904 2183 1031 2255 poetam
1044 2179 1189 2252 tantum,
1205 2176 1263 2240 sed
1348 2203 1353 2210 ·

194 2266 308 2364 seprae
321 2298 356 2344 se
373 2281 449 2374 lert,
466 2278 515 2342 sui
531 2278 632 2360 ipsius
646 2295 742 2342 causa
758 2284 950 2358 spectatores
966 2285 1069 2359 urget,
1086 2281 1262 2345 Minervam

195 2391 329 2472 ejusque
341 2387 489 2451 comitem
503 2385 675 2449 Victoriam
685 2385 856 2465 praemium
870 2385 1021 2449 melicum
1031 2385 1263 2469 choricumque

201 2495 320 2575 rogat¹.
1292 2503 1295 2507 ·

235 2600 401 2665 Parabasis
418 2598 528 2679 igitur,
544 2615 619 2661 cum
633 2598 723 2662 chori
736 2599 777 2661 sit
790 2617 808 2662 e
827 2605 977 2680 suggesto
990 2600 1115 2675 concio,
1134 2617 1264 2664 summa

196 2715 244 2774 est
261 2708 359 2771 totius
375 2705 557 2779 comoediae,
580 2705 672 2786 cujus
691 2704 851 2783 duplicem
870 2712 1041 2788 naturam,¹
1058 2706 1265 2782 ordinatissi-

197 2832 284 2880 mam
295 2813 433 2878 simulet
444 2811 658 2886 liberrimam,
671 2809 811 2876 exhibet.
827 2812 932 2892 Longe
944 2813 1007 2876 alia
1020 2819 1067 2876 est
1077 2819 1173 2896 atque
1185 2831 1264 2895 pro·

197 2923 290 3003 logus
311 2921 496 2983 Latinarum
512 2918 761 2994 comoediarum,
792 2937 889 3000 quem
918 2937 956 2985 ex
981 2920 1141 2984 actoribus
1166 2937 1263 2996 unus,
1300 2994 1302 2996 ,

197 3036 298 3088 orator
313 3024 433 3097 dictus,
454 3035 565 3086 ornatu
575 3027 710 3104 prologi,
730 3043 794 3088 non
811 3011 888 3089 vero
906 3025 1041 3101 chorus,
1059 3033 1173 3091 ornatu
1191 3044 1263 3103 suo,

197 3131 396 3213 pronuntiat;
410 3130 465 3212 qui
476 3130 640 3210 praelatur,
655 3147 696 3192 ne
707 3129 912 3211 importunus
922 3131 1053 3213 posthac
1061 3131 1264 3208 interveniat,

198 3256 262 3302 non
272 3254 348 3301 vero
358 3236 473 3300 fabulae
483 3235 596 3316 medioe
607 3235 748 3301 insertus
759 3237 942 3303 interfatur.
958 3238 1114 3320 Prologus
1127 3257 1170 3302 ne
1185 3238 1266 3301 hos-

198 3362 254 3426 pes
267 3343 397 3426 quidem
416 3340 558 3407 fabulam
578 3344 694 3419 intrat;
718 3344 808 3409 adest
823 3346 857 3409 in
874 3341 1003 3422 limine,
1025 3363 1100 3410 mox
1119 3345 1266 3408 abiturus

199 3468 257 3514 nec
273 3449 456 3514 rediturus:
472 3449 590 3512 chorus
607 3458 727 3527 autem,
739 3456 775 3515 ut
785 3452 894 3532 'palam
909 3458 1039 3517 moneat
1058 3471 1092 3516 se
1104 3451 1190 3516 domi
1206 3453 1266 3516 do·

200 3558 317 3622 minari
336 3577 354 3623 a
371 3559 539 3641 principio,
564 3566 684 3623 actores
700 3564 810 3622 contra
828 3560 920 3642 quasi
942 3558 1130 3623 adventitios
1151 3557 1267 3622 fabulae

200 3664 516 3746 obrepsisse‚quos,si
524 3663 712 3744 loquuntur,
726 3663 812 3746 loqui
822 3663 977 3727 nimirum
987 3663 1081 3739 sinat,
1095 3680 1152 3743 per
1162 3662 1268 3726 inter-

234 3934 256 3982 1.
271 3901 349 3994 unu,
368 3933 435 3982 uu.
445 3933 478 3979 r.
490 3929 632 3981 schol-r.
645 3932 692 3992 sq.
703 3967 709 3992 ‚
722 3932 776 3982 ass.
789 3933 849 3982 neo
860 3930 935 3982 verna
946 3937 1037 3983 etvota
1048 3931 1138 3983 cunae
1148 3930 1269 3994 ambigua

201 4010 255 4060 vult
267 4010 380 4085 equiturn
390 4008 482 4080 chorus
493 4009 664 4072 interpreteris
677 4008 725 4058 dici
739 4010 814 4078 simul
828 4009 859 4060 de
871 4012 974 4061 victuris
999 4013 1116 4063 cleonem
1137 4011 1269 4081 Equitilrus

202 4093 227 4137 et
240 4088 270 4138 de
289 4091 384 4139 victuro
399 4088 502 4138 aemulos
516 4087 687 4150 Aristophane.
