2768 4746
592 348 751 404 ..3ο-

153 477 255 558 pidem
267 475 423 552 Troades,
442 492 514 557 quoe
527 474 656 555 Trojam
670 479 828 555 spectant,
842 490 907 557 quo
921 481 1055 539 moreat
1069 491 1221 541 sermone

155 583 292 649 feminas
304 587 336 648 et
345 583 487 663 captivas
497 580 638 649 decebat.
656 580 745 644 Idem
761 580 847 645 color
861 586 909 644 est
921 581 1033 662 tragici
1046 581 1147 657 chori,
1162 580 1222 663 qui

156 690 481 772 temporis,tactorum
495 694 530 752 et
535 704 665 752 morum
673 705 744 770 qua
751 686 859 751 tabula
870 695 983 752 caetera
992 693 1217 770 repraesentat.

95 842 98 847 .
155 796 186 860 Is
200 803 248 862 est
262 797 348 861 color
361 797 490 871 comici,
517 795 574 877 qui
592 799 691 874 poeta
711 794 817 858 libuit.
843 793 968 858 Omissa
991 794 1139 877 parabasi
1162 793 1223 858 ubi

155 903 270 966 chorus
284 920 347 967 non
364 920 398 966 se
412 902 477 983 agit
490 901 545 965 sed
558 906 699 980 poetam,
717 905 837 981 quanta
850 908 915 976 est,
929 901 986 965 ubi
1000 919 1078 965 suus
1092 907 1153 977 est,
1170 917 1223 964 re-

154 1027 229 1073 rum
243 1014 274 1074 ct
287 1008 440 1096 orationis
452 1005 623 1088 aliquando
637 1006 862 1086 discrepantia!
880 1006 968 1070 Gula
982 1023 1097 1088 praeco,
1111 1007 1222 1070 Dianoe

154 1115 320 1192 laudator,
344 1115 442 1179 alliis
460 1131 593 1179 exorsus
607 1130 743 1193 vergens
755 1113 796 1175 ad
811 1112 1002 1189 nebulones,
1026 1130 1046 1176 a
1059 1111 1223 1193 magnilo-

67 1271 70 1277 ,
155 1225 284 1307 quentia
301 1224 444 1288 lubricus
467 1222 507 1286 ad
526 1221 769 1298 scurrilitatem,
794 1221 940 1285 sibinen
964 1227 1097 1285 constat.
1123 1220 1222 1284 Juve-

155 1336 274 1394 nantur
288 1346 396 1406 senes,
422 1329 474 1393 vix
495 1328 642 1393 audenda
655 1329 738 1392 clam
751 1328 830 1392 viris
842 1328 972 1392 femine
986 1327 1093 1409 palam
1107 1326 1223 1391 clami·

155 1441 238 1508 tant;
263 1435 374 1500 rustici
394 1436 434 1500 de
453 1436 568 1500 litteris
586 1435 779 1512 disserunt¹‚
806 1440 918 1517 mysiae
936 1435 969 1498 in
984 1433 1096 1498 inieris
1110 1433 1224 1497 doloso

157 1559 348 1624 superorum
370 1541 547 1607 balneatori
562 1543 776 1619 maledicunt,
805 1559 879 1607 aves
891 1541 1027 1605 moechis
1045 1539 1224 1621 etcinaedis

156 1665 310 1731 prospera
326 1655 446 1731 optant.

195 1756 340 1844 (lomicps
356 1757 456 1838 igitur
466 1757 596 1833 chorus,
611 1773 796 1839 quanquam
806 1756 1006 1837 conjunctior
1016 1754 1144 1834 fabulae,
1165 1772 1225 1819 cu-

152 1864 206 1944 jus
220 1863 286 1927 dux
303 1870 365 1941 est,
387 1881 485 1947 quam
502 1864 661 1945 tragicus,
681 1844 790 1928 minus
807 1863 941 1938 labulae,
963 1879 1061 1944 quam
1074 1860 1127 1925 hic
1141 1878 1222 1937 suae,

156 1973 387 2032 consentaneus
408 1968 580 2050 aliquando
604 1975 668 2044 est;
697 1985 882 2052 quanquam
905 1967 999 2048 plura
1023 1968 1104 2048 agit,
1133 1967 1221 2043 dicit,

156 2072 271 2149 vincit,
298 2073 407 2136 minus
438 2091 562 2150 secum,
588 2075 697 2139 minus
718 2091 792 2138 curn
813 2073 923 2137 fabula
939 2073 1095 2148 coheres,
1119 2072 1224 2153 magis

157 2195 231 2241 cum
245 2178 475 2259 spectantibus,
492 2179 581 2260 jocos
591 2227 600 2256 ,
609 2183 651 2258 ,ut
665 2179 717 2243 his
729 2186 839 2261 gratus
856 2180 915 2255 sit,
931 2177 1156 2258 undecumque
1170 2194 1224 2241 oc·

158 2289 309 2360 currunt,
325 2302 469 2350 sumens.
495 2286 618 2350 Chorus
636 2286 790 2360 comicus,
807 2285 922 2349 sedens
935 2285 969 2346 in
984 2283 1135 2359 statione,
1151 2302 1225 2348 me-

160 2391 232 2455 dius
242 2410 396 2473 personas
408 2383 493 2456 inter
504 2398 535 2456 et
546 2397 749 2473 spectatores,
766 2392 807 2456 ab
820 2392 872 2455 his
886 2391 997 2456 baberi
1015 2397 1117 2473 potest
1131 2392 1225 2474 quasi

159 2495 294 2560 vicinior
309 2497 368 2561 sibi
386 2515 463 2578 pars
477 2492 701 2580 personarum,
715 2499 756 2563 ab
770 2497 846 2576 illis,
862 2498 1094 2580 spectantium:
1108 2498 1226 2562 transit

160 2605 200 2669 ab
215 2600 287 2669 aliis
303 2605 343 2668 ad
355 2605 446 2682 alios,
464 2605 498 2668 in
512 2605 618 2687 priore
629 2605 745 2669 fabulae
758 2611 858 2686 parte,
872 2605 1032 2668 dameam
1042 2603 1226 2679 committit,

160 2719 247 2776 actor
257 2711 371 2794 magis,
384 2712 419 2775 in
430 2713 616 2793 posteriore,
627 2713 706 2776 dum
722 2713 928 2776 commissam
937 2712 1144 2793 recognoscit,
1160 2730 1231 2778 ma-

160 2821 209 2901 gis
224 2825 390 2901 spectator.

199 2927 318 2991 Neuter
332 2941 425 3001 vero,
451 2924 508 2988 sed
522 2941 599 2988 suus
613 2929 740 2990 tantum
756 2932 804 2991 est
817 2927 852 2990 in
863 2926 1028 3004 parabasi,
1047 2943 1117 3008 quae
1131 2926 1224 3006 quasi

159 3031 305 3094 ordinata
318 3035 366 3094 est
380 3028 518 3104 licentia,
535 3036 698 3112 totamque
712 3031 863 3113 exprimit
876 3032 1077 3098 comoediam.
1092 3032 1161 3096 Non
1172 3032 1227 3096 hic

159 3152 316 3217 exponam
339 3135 424 3218 quod
443 3135 538 3216 plane
560 3143 670 3201 notum
692 3144 757 3214 est,
778 3132 862 3223 ‘quid
883 3140 925 3204 sit
942 3139 1121 3222 parabasis,
1146 3139 1224 3221 qnid

158 3243 289 3307 nomine
304 3258 360 3305 suo
377 3241 549 3322 significet,
566 3250 643 3326 quot
664 3245 698 3308 in
718 3252 824 3327 partes
838 3245 939 3310 divisa
953 3246 1008 3323 sit,
1024 3265 1087 3329 qua
1100 3246 1226 3312 ratione

159 3365 228 3412 sese
243 3349 400 3430 excipiant
412 3347 448 3410 in
461 3365 498 3411 ea
515 3349 656 3413 vicissim
670 3359 782 3416 cantus
796 3359 827 3417 et
840 3352 1000 3428 recitatio,
1022 3370 1086 3433 quo
1100 3358 1225 3416 utrum-

157 3472 221 3537 que
230 3472 387 3519 'versuum
401 3471 536 3519 numero
547 3456 774 3534 concludatur;
787 3475 858 3541 quae
868 3457 984 3522 fabule
996 3458 1117 3537 justam
1131 3474 1224 3538 para·

157 3559 251 3623 basin
264 3559 412 3638 habeant,
428 3577 500 3642 quae
510 3566 645 3638 curtam,
662 3579 733 3642 quae
746 3562 881 3639 nullam,
894 3581 965 3644 qua
976 3563 1065 3638 duas,
1083 3580 1224 3646 quarum

159 3672 214 3729 aut
228 3683 295 3730 una
305 3665 408 3746 Justa‚
426 3665 524 3730 altera
538 3684 651 3732 manca
665 3674 732 3745 est,
753 3674 807 3734 aut
820 3674 935 3733 neutra
949 3669 1121 3750 completa;
1138 3686 1222 3752 quat,

191 3943 213 3992 1.
226 3942 293 4003 Pac,
310 3943 356 3991 775
367 3953 419 4003 sqq.
433 3965 464 3976 -
476 3939 538 3988 Inda
552 3945 578 3989 et
594 3939 696 3992 abunde
709 3943 843 3994 convincat
854 3945 1004 3998 Plutarchus
1015 3947 1047 3998 ab
1058 3949 1225 4013 Aristophane

159 4032 210 4069 non
232 4025 357 4070 servatum
379 4019 406 4068 in
427 4019 540 4082 personis
563 4019 678 4071 decorem
710 4023 747 4086 (V.
770 4025 952 4086 Comparation.
975 4013 1098 4091 aristoph.
1124 4034 1149 4078 et
1170 4033 1224 4079 ble-

159 4097 272 4160 nandri).
