2768 4746
616 364 775 420 -us-
875 428 879 437 ,

102 545 104 548 .
155 503 203 559 est
216 494 350 558 canendi
366 492 557 569 similitudo,
569 509 640 573 quae
653 497 797 556 enatura
809 492 961 556 carminis
970 492 1058 557 illius
1069 493 1222 558 decurrit.

68 582 74 590 ἃ
156 600 234 664 Nam
249 601 349 664 Deum
365 599 462 664 homo
473 598 595 681 quoties
609 599 734 664 invocat
748 606 783 663 ut
801 599 894 672 adsit,
915 604 970 664 aut
992 601 1082 682 quasi
1101 600 1227 664 adeun·

155 714 221 771 tem
247 706 369 783 adorat,
394 723 500 769 coram
524 705 608 770 videt
624 711 655 770 ct
680 705 864 788 alloquitur.
892 707 971 771 Hinc
993 707 1048 770 illa
1072 708 1227 771 continua

155 815 247 890 facta,
266 814 367 878 sivea
389 813 604 896 precantibus,
619 813 686 878 sive
708 831 727 876 a
749 813 954 879 laudantibus
977 817 1069 892 Deos,
1086 817 1224 879 Deorum

156 922 368 1003 interpellatio
388 929 420 986 et
442 922 476 985 in
493 920 641 1004 precibus
657 927 688 986 et
701 921 735 986 in
754 922 897 1002 hymnis,
918 939 1000 1004 quos
1019 939 1112 986 voces
1138 939 1226 1004 paea-

156 1046 273 1093 narum
282 1036 337 1094 aut
353 1029 632 1112 dithyramborum
657 1031 712 1094 aut
734 1029 798 1093 alio
820 1030 964 1106 nomine‘,
985 1029 1067 1093 nihil
1086 1029 1222 1093 adrem.

69 1149 78 1161 ³
155 1140 256 1202 Deum
271 1138 485 1203 autemillum
500 1137 656 1218 cumipse
672 1154 807 1218 precans
824 1137 893 1201 adis
907 1144 943 1202 ut
960 1138 1104 1219 precanti
1123 1137 1222 1213 adsit,

156 1246 225 1309 adis
246 1247 280 1308 in
295 1243 456 1310 domicilio
471 1249 608 1308 stantem
621 1261 690 1320 suo,
706 1243 817 1308 lovem
829 1243 864 1308 in
879 1243 1025 1326 Olympo,
1043 1243 1180 1326 Cybelen
1190 1245 1226 1307 in

156 1351 227 1429 lda,
239 1353 372 1415 Dianam
387 1351 421 1413 in
432 1348 573 1430 Epheso,
588 1348 764 1412 Minervam
783 1348 817 1410 in
831 1340 970 1430 acropoli
983 1367 990 1414 :
1003 1355 1074 1414 tum
1097 1350 1165 1414 sive
1185 1350 1226 1413 ad

102 1437 106 1444 ¹
156 1474 230 1522 eum
244 1458 395 1521 invocans
407 1455 564 1532 ascendis,
581 1455 647 1519 sive
660 1455 701 1519 ad
714 1454 746 1520 te
760 1455 923 1519 invocatus
942 1455 1117 1533 descendit,
1136 1456 1228 1520 adest

156 1563 275 1644 insigni
289 1563 397 1645 aliquo
418 1562 547 1644 proprio
569 1562 757 1639 declaratus,
781 1563 939 1644 Dionysus
955 1562 1068 1644 thyrso
1091 1568 1123 1626 et
1143 1563 1228 1626 mol·

154 1669 228 1732 liori
245 1664 310 1745 dre,
327 1670 468 1733 Minerva
483 1666 572 1749 galea
588 1673 619 1732 et
632 1682 745 1732 serens
757 1669 873 1747 fronte,
888 1669 999 1750 Apollo
1013 1670 1083 1751 lyra
1096 1674 1128 1734 et
1144 1670 1227 1733 llava

155 1793 256 1856 coma,
264 1777 363 1840 Diana
375 1776 526 1858 pharetra
533 1779 682 1856 castoque
691 1774 791 1851 vultu,
801 1773 925 1856 Jupiter
938 1773 1064 1855 fulgure
1073 1778 1104 1838 et
1115 1792 1230 1855 super·

155 1882 239 1947 cilio.
267 1885 351 1964 llrgo
374 1901 471 1967 quem
492 1882 566 1946 colit
588 1884 689 1946 Deum
715 1882 861 1945 nominat
883 1880 992 1965 homo,
1024 1881 1229 1944 nominatum

155 1989 253 2066 ridet,
278 1989 364 2052 videt
385 1995 493 2053 autem
516 1989 550 2051 in
571 1988 645 2051 sede
666 2005 725 2050 sua
744 1987 907 2051 sedentem
922 1992 952 2050 et
974 1987 1021 2051 vis
1043 2005 1108 2050 suae
1132 1986 1228 2068 signo

156 2097 352 2160 decoratum.
364 2095 416 2159 Sic
429 2095 466 2158 lit
478 2101 525 2171 ut,
542 2094 686 2158 carmine
699 2093 726 2156 si
741 2093 818 2157 velit
831 2093 1012 2174 exprimere
1026 2094 1111 2176 quod
1131 2094 1229 2158 sentit

154 2211 187 2269 et
200 2205 332 2286 pingere
346 2203 430 2286 quod
448 2202 546 2281 videt,
570 2219 690 2266 nomen
713 2202 768 2266 Dei
787 2199 894 2265 trahat
910 2219 1039 2282 semper
1062 2203 1132 2283 cyus
1155 2206 1228 2266 turn

156 2310 310 2374 domicilii
332 2315 402 2374 turn
422 2309 538 2372 indicis
560 2325 691 2385 nomen,
715 2313 757 2386 et,
773 2307 906 2388 repetito
924 2307 991 2383 illo,
1011 2308 1070 2371 hoc
1098 2324 1228 2390 quoque

154 2414 327 2495 repetitum
339 2413 460 2478 redeat.
476 2413 577 2477 Graeci
592 2428 688 2493 porro
703 2413 783 2476 Deos
803 2413 942 2479 lacerant
956 2412 1075 2489 omnia,
1096 2412 1231 2495 Diisque'

156 2521 224 2584 suis
241 2521 362 2602 ubique
375 2519 583 2584 occurrebant
594 2519 773 2600 precandis,
795 2519 977 2583 adorandis.
993 2519 1075 2583 Hinc
1088 2519 1143 2582 illa
1157 2518 1227 2584 sre-

155 2627 366 2710 quentlssima
383 2606 523 2690 Deorum
544 2625 710 2701 invocatio,
736 2625 957 2690 invocatomm
977 2624 1172 2703 nominatio,
1195 2633 1228 2689 et

156 2750 228 2799 cum
243 2733 373 2797 nomine
387 2732 578 2814 significatio
594 2749 602 2796 ε
616 2749 688 2814 quae
705 2732 835 2815 quidem
852 2732 948 2796 eritu
962 2731 1127 2812 religionis
1137 2745 1229 2810 com·

155 2841 328 2925 manisque
340 2841 413 2904 ritae
429 2857 491 2903 usu
505 2839 540 2901 iu
555 2838 689 2916 litteras,
710 2857 750 2903 ex
764 2838 816 2903 his
829 2838 927 2903 simul
941 2839 1092 2902 omnibus
1113 2838 1147 2901 in
1170 2846 1228 2904 oo-

147 2949 320 3025 moediam,
331 2947 523 3028 migrarunt.
537 2945 609 3011 Sira
622 2947 721 3028 igitur
734 2947 767 3010 in
782 2946 924 3029 hymnis,
936 2946 1002 3009 sive
1012 2946 1045 3007 in
1053 2945 1227 3025 prosodiis,

156 3057 223 3119 sive
255 3055 288 3118 in
313 3052 504 3143 partheniis,
529 3053 596 3117 sire
619 3054 653 3116 in
677 3053 854 3144 paeonibus,
877 3052 994 3117 sivein
1016 3050 1228 3133 dithyrambis

155 3161 277 3242 cyclicae
287 3177 448 3242 sacraeque
463 3159 621 3223 saltationi
635 3161 730 3241 aptis,
744 3160 810 3224 sive
821 3161 855 3223 in
870 3158 1061 3241 epiniciisad
1073 3175 1227 3240 pompam

156 3268 328 3350 dispositis,
346 3268 413 3332 sive
427 3267 461 3329 in
474 3266 545 3330 aliis
564 3267 744 3331 carminum
758 3267 932 3350 lyricorum
946 3265 1128 3348 generibus,
1154 3283 1228 3348 quae

155 3376 296 3457 plurima
312 3377 399 3450 sunt,
414 3366 696 3454 Deosprecabatur
712 3379 767 3437 aut
780 3373 932 3438 laudabat
959 3378 1062 3455 poeta,
1079 3371 1226 3436 eamdem

156 3461 283 3563 semper
304 3481 389 3544 viam
422 3462 615 3562 sequebatur
637 3480 815 3557 invocandi,
844 3480 1043 3556 nominandi,
1056 3477 1225 3561 pingendi,

153 3587 326 3670 quainter
343 3587 405 3652 nisi
419 3591 529 3652 votum
541 3591 597 3650 aut
609 3586 739 3651 laudem
752 3588 950 3666 inseruisset,
966 3587 1159 3652 alterutrum
1175 3585 1228 3675 ad-

149 3692 260 3758 debat.
279 3693 335 3757 His
349 3692 547 3758 carminibus

453 3873 586 3887 .......
606 3839 683 3888 facies
694 3853 747 3888 non
760 3837 880 3888 omnibus
893 3853 954 3901 una,

157 3962 184 4024 si
202 3961 281 4044 qaid
294 3967 349 4027 aut
363 3981 460 4045 quem
477 3970 593 4028 canant
608 3970 741 4068 spectas,

383 4157 385 4161 ν
451 4131 506 4179 Non
520 4128 618 4181 diversa
629 4136 713 4180 tamen
717 4166 918 4180 ..........
