2768 4746
608 360 769 418 ..59-

154 488 1222 575 riusproianoe,obscenaeetiam,concordia,nullaiuterenslisest:

154 605 190 674 ut
219 616 356 682 quaeque
377 604 509 680 occupat
524 596 646 679 lyram,
665 602 771 674 tenet,
790 597 817 660 si
836 597 916 674 vult,
939 603 1050 668 totam,
1072 599 1100 661 si
1122 599 1225 665 altera

155 703 623 782 subiccommuniterdivissm,
636 709 704 768 tum
716 703 820 779 alteri,
833 720 907 768 cum
917 702 1022 780 desiit,
1033 703 1088 767 dat
1097 704 1225 769 baben-

154 813 241 878 dum.
257 811 454 894 Inparabasi
469 793 648 890 satiraseu
664 828 723 891 per
740 809 926 892 epirrbema
939 816 972 874 et
984 810 1226 891 autepirrbema

154 923 316 996 recitatur,
333 937 391 995 seu
405 935 464 1001 per
480 918 648 998 stropham
666 924 698 982 et
712 917 956 999 antistropham,
975 917 1157 999 sipotiores
1170 935 1227 986 eas

156 1028 262 1105 babet,
278 1026 405 1092 canitur
421 1031 455 1090 et
470 1024 625 1102 saltatum
648 1041 807 1108 nusquam
825 1023 855 1087 ei
870 1029 956 1088 certa
970 1023 1097 1088 domus.
1120 1024 1158 1088 ln
1173 1041 1228 1089 se-

156 1132 260 1199 cunda
279 1137 369 1214 parte
392 1129 525 1208 tabulae,
544 1129 600 1194 ubi
619 1129 737 1205 chorus
755 1129 836 1193 solet
858 1129 913 1193 diu
932 1136 1037 1194 tacere
1053 1130 1226 1211 sepositus,

156 1239 279 1305 subitus
294 1237 466 1320 aliquando
482 1237 523 1300 ad
541 1254 660 1301 cuneos
680 1237 827 1312 vertitur,
850 1236 1009 1300 malitiosa
1032 1236 1154 1302 cantica
1173 1237 1227 1300 in-

154 1351 293 1428 torquet,
314 1345 479 1425 reduxque
500 1344 535 1407 iu
554 1343 722 1408 stationem
741 1360 856 1408 rursus
875 1342 957 1406 silet.
976 1344 1087 1405 Acium
1106 1343 1228 1406 chorus

155 1459 205 1518 ter
218 1451 357 1516 fabulam
372 1451 726 1534 rumpit,tlleonymum
741 1452 886 1533 primum
898 1457 930 1515 et
942 1450 1087 1525 Orestem
1098 1450 1227 1530 praedo-

156 1575 243 1633 nem,
258 1575 333 1622 mox
347 1557 521 1634 Socratem,
544 1556 658 1621 deinde
678 1557 905 1639 sycophantem
923 1556 1062 1620 illudens
1073 1559 1095 1620 ¹.
1116 1556 1228 1638 Neque

157 1663 238 1728 ratio
254 1642 391 1727 babetur
404 1679 423 1724 a
437 1667 530 1743 poeta
544 1661 605 1726 loci
620 1681 724 1746 neque
733 1662 834 1726 chori.
850 1662 888 1725 In
900 1662 1012 1726 inieris
1022 1665 1135 1745 nysae
1148 1663 1229 1727 Ileo—

156 1761 233 1838 rum
244 1770 356 1834 laudes
372 1769 565 1833 intersecant
578 1769 676 1849 jocis;
693 1769 758 1833 imo
770 1769 915 1850 AEscbylo
937 1775 967 1834 et
985 1769 1137 1852 Euripide
1151 1787 1230 1834 con·

156 1875 366 1953 certantibus,
391 1867 561 1957 utriusque
575 1875 783 1956 disputationi
806 1876 898 1940 seriae
912 1875 1081 1941 ridiculam
1096 1876 1230 1940 conclu-

157 1983 336 2050 siunculam
369 1983 508 2064 adjicit,
546 1989 596 2049 sat
625 1984 774 2061 urbane,
808 1982 915 2048 divine
946 1983 1056 2048 minus
1076 1983 1229 2065 jaculans

157 2091 310 2159 Bacchus.

196 2197 436 2278 Aristophanes,
458 2213 522 2260 non
543 2195 664 2260 salibus
693 2196 809 2274 solum,
840 2199 895 2263 sed
918 2198 1111 2264 obscenitate
1128 2198 1228 2262 etiam

159 2305 266 2371 condit
283 2304 405 2379 risum,
426 2303 612 2367 existimans
639 2303 757 2368 scilicet
770 2309 990 2381 scortatorem,
1006 2304 1169 2380 lenonem,
1195 2311 1229 2367 et

158 2414 186 2476 si
205 2411 277 2494 quis
298 2409 443 2473 inaudita
460 2409 628 2473 moliretur
642 2396 826 2474 Graecorum
846 2411 1040 2494 flagitiorum
1057 2410 1227 2484 miracula,

159 2525 195 2584 ut
232 2517 285 2580 ilie
316 2515 595 2596 ingeniosissimus
634 2516 727 2580 foedae
765 2516 915 2581 novitatis
944 2517 1128 2603 exquisitor
1151 2516 1230 2580 Ari-

160 2621 298 2706 phrades
315 2622 334 2695 ¹,
353 2637 417 2683 non
433 2618 496 2683 nisi
516 2619 703 2683 nominibus
717 2620 976 2704 imaginibusque
989 2620 1141 2684 vitiorum
1154 2637 1232 2683 suo·

158 2747 232 2794 rum
244 2729 327 2792 bene
340 2725 443 2820 refelli
455 2743 559 2808 posse.
575 2725 667 2789 Clara
684 2726 752 2790 haec
766 2726 928 2808 crudaque
943 2728 997 2792 dat
1010 2726 1151 2791 canenda
1168 2745 1232 2790 vo-

159 2832 260 2909 cibus,
282 2831 453 2896 acoinenda
476 2831 575 2909 tibiis,
599 2831 689 2896 omni
710 2832 943 2912 gesticulationi
966 2833 1228 2911 demonstranda,

160 2938 248 3002 omui
259 2933 518 3021 apparatuichori
532 2936 733 3015 illustranda,
752 2939 937 3023 miscetque,
952 2938 1041 3003 nulla
1055 2938 1230 3020 aliquando

160 3043 344 3107 necessitate
355 3041 517 3114 inductus,
532 3040 621 3105 nulla
634 3043 730 3107 etiam
744 3043 913 3108 testivitate
926 3048 1106 3121 excusatus,
1117 3042 1232 3107 delica-

44 3221 47 3228 ,
159 3149 293 3215 tissimis
303 3149 484 3214 carminum
494 3147 838 3232 leporibushymnisve
851 3151 1034 3217 sacerrimis
1042 3153 1065 3214 ³.
1080 3170 1082 3175 ·

201 3258 273 3321 Haec
296 3273 372 3339 pars
399 3256 534 3320 satirieae
557 3255 653 3338 lyrae,
679 3258 837 3339 privatam
864 3259 1042 3342 nequitiam
1066 3259 1230 3336 notantis,

161 3365 305 3440 omnino,
325 3369 360 3428 ut
377 3381 509 3446 aequum
532 3370 595 3442 est,
616 3362 790 3428 defloruit:
811 3364 856 3428 ibi
869 3366 1118 3447 Aristophanem
1138 3365 1231 3429 dixe-

161 3471 242 3546 rim,
258 3475 294 3533 ut
308 3468 376 3551 ipse
390 3468 538 3533 Cleonem
554 3467 643 3543 dixit,
662 3468 782 3552 ubique
794 3470 926 3535 volitare
939 3477 975 3535 ut
989 3475 1129 3534 omuibus
1138 3472 1233 3548 tiocl-

50 3621 53 3627 s
163 3578 216 3638 bus
231 3577 403 3669 corruptela
423 3576 536 3637 insidat
548 3576 569 3637 ⁴.
590 3575 736 3639 Publicos
754 3594 881 3661 quoque
899 3595 1023 3654 mores,
1043 3578 1233 3660 reipublicae

162 3682 307 3764 regiumn
319 3687 349 3745 et
363 3687 513 3757 rectores,
530 3681 638 3756 duces,
656 3688 808 3759 oratores,
824 3681 884 3751 τοὺς
897 3684 1088 3754 στασιάζοντας
1101 3683 1148 3745 καὶ
1162 3684 1233 3745 6ου-

162 3789 289 3870 λομένσυς
310 3787 383 3858 τινὰς
407 3779 502 3865 εἶναιῆ
527 3794 564 3852 ut
585 3805 644 3868 per
667 3788 803 3866 iambos,
827 3790 874 3854 sic
894 3808 953 3872 per
978 3791 1082 3875 lyram
1105 3792 1232 3872 carpit,

198 4104 220 4152 i.
237 4067 299 4163 Ao„
316 4101 389 4160 1470,
405 4101 477 4162 1553,
494 4101 562 4152 1694.
577 4127 608 4136 —-
621 4105 653 4153 2(
670 4105 754 4165 resp,
771 4105 912 4154 1275.-÷3.
930 4102 1006 4167 deb,
1021 4106 1148 4165 cassetis
1165 4103 1229 4169 Au,
1318 4084 1321 4089 ¹

166 4183 223 4246 790,
238 4186 287 4232 etc.
297 4207 328 4216 —
338 4183 354 4231 4
365 4181 425 4243 aq,
442 4182 497 4231 loo.
507 4207 535 4216 —
544 4185 566 4232 5.
585 4183 693 4246 cratin.;
710 4184 865 4247 Δραπέτιδες.
900 4204 904 4208 ·
